Attaching to sapienta_minio_1, sapienta_worker_1, sapienta_web_1, sapienta_redis_1, sapienta_candc_1, sapienta_grobid_1
[36mcandc_1   |[0m 2022-09-26T15:46:00.656644114Z 9004
[36mcandc_1   |[0m 2022-09-26T15:46:02.645838602Z waiting for connections on 0.0.0.0:9004
[36mcandc_1   |[0m 2022-09-26T18:29:11.468732675Z 9004
[36mcandc_1   |[0m 2022-09-26T18:29:17.197541199Z waiting for connections on 0.0.0.0:9004
[36mcandc_1   |[0m 2022-09-26T18:35:13.026360414Z waiting for connections on 0.0.0.0:9004
[36mcandc_1   |[0m 2022-09-26T18:35:13.290031157Z waiting for connections on 0.0.0.0:9004
[36mcandc_1   |[0m 2022-09-26T18:53:12.975327995Z waiting for connections on 0.0.0.0:9004
[36mcandc_1   |[0m 2022-09-26T18:53:13.575421224Z waiting for connections on 0.0.0.0:9004
[36mcandc_1   |[0m 2022-09-27T17:24:54.107471902Z 9004
[36mcandc_1   |[0m 2022-09-27T17:24:55.794051030Z waiting for connections on 0.0.0.0:9004
[36mcandc_1   |[0m 2022-09-29T10:14:31.147136343Z 9004
[36mcandc_1   |[0m 2022-09-29T10:14:33.031877092Z waiting for connections on 0.0.0.0:9004
[36mcandc_1   |[0m 2022-09-29T10:48:48.743890459Z 9004
[36mcandc_1   |[0m 2022-09-29T10:48:50.577098996Z waiting for connections on 0.0.0.0:9004
[36mcandc_1   |[0m 2022-09-29T11:43:24.409723395Z 9004
[36mcandc_1   |[0m 2022-09-29T11:43:26.309124571Z waiting for connections on 0.0.0.0:9004
[36mcandc_1   |[0m 2022-09-29T12:33:18.238870929Z 9004
[36mcandc_1   |[0m 2022-09-29T12:33:20.281093940Z waiting for connections on 0.0.0.0:9004
[36mcandc_1   |[0m 2022-09-29T15:14:32.745834177Z 9004
[36mcandc_1   |[0m 2022-09-29T15:14:34.724029045Z waiting for connections on 0.0.0.0:9004
[36mcandc_1   |[0m 2022-09-29T15:15:19.684493623Z 9004
[36mcandc_1   |[0m 2022-09-29T15:15:21.793009315Z waiting for connections on 0.0.0.0:9004
[36mcandc_1   |[0m 2022-09-29T15:15:24.621455310Z waiting for connections on 0.0.0.0:9004
[36mcandc_1   |[0m 2022-09-29T15:15:24.915582964Z waiting for connections on 0.0.0.0:9004
[36mcandc_1   |[0m 2022-09-29T15:15:31.689126664Z waiting for connections on 0.0.0.0:9004
[36mcandc_1   |[0m 2022-09-29T15:15:31.823055421Z waiting for connections on 0.0.0.0:9004
[36mcandc_1   |[0m 2022-09-29T15:15:32.478807817Z waiting for connections on 0.0.0.0:9004
[36mcandc_1   |[0m 2022-09-29T15:15:32.606380563Z waiting for connections on 0.0.0.0:9004
[36mcandc_1   |[0m 2022-09-29T15:29:19.778351256Z 9004
[36mcandc_1   |[0m 2022-09-29T15:29:22.045043547Z waiting for connections on 0.0.0.0:9004
[32mminio_1   |[0m 2022-09-29T13:01:04.944046378Z 
[32mminio_1   |[0m 2022-09-29T13:01:04.944170565Z  You are running an older version of MinIO released 2 years ago 
[32mminio_1   |[0m 2022-09-29T13:01:04.944192995Z  Update: Run `mc admin update` 
[32mminio_1   |[0m 2022-09-29T13:01:04.944205654Z 
[32mminio_1   |[0m 2022-09-29T13:01:04.944217100Z 
[32mminio_1   |[0m 2022-09-29T13:01:05.031561097Z 
[32mminio_1   |[0m 2022-09-29T13:01:05.031581556Z API: SYSTEM()
[32mminio_1   |[0m 2022-09-29T13:01:05.031585707Z Time: 13:01:05 UTC 09/29/2022
[32mminio_1   |[0m 2022-09-29T13:01:05.031588584Z DeploymentID: 258c47be-215e-4ffb-aa75-0e511f50c814
[32mminio_1   |[0m 2022-09-29T13:01:05.031591557Z Error: Unable to initialize config, some features may be missing Invalid credentials (*fmt.wrapError)
[32mminio_1   |[0m 2022-09-29T13:01:05.031594790Z        3: cmd/server-main.go:366:cmd.initAllSubsystems()
[32mminio_1   |[0m 2022-09-29T13:01:05.031597801Z        2: cmd/server-main.go:295:cmd.initServer()
[32mminio_1   |[0m 2022-09-29T13:01:05.031600495Z        1: cmd/server-main.go:500:cmd.serverMain()
[32mminio_1   |[0m 2022-09-29T13:01:05.032107163Z Endpoint: http://172.18.0.2:9000  http://127.0.0.1:9000 
[32mminio_1   |[0m 2022-09-29T13:01:05.032128245Z 
[32mminio_1   |[0m 2022-09-29T13:01:05.032131095Z Browser Access:
[32mminio_1   |[0m 2022-09-29T13:01:05.032133446Z    http://172.18.0.2:9000  http://127.0.0.1:9000
[32mminio_1   |[0m 2022-09-29T13:01:05.032135357Z 
[32mminio_1   |[0m 2022-09-29T13:01:05.032137083Z Object API (Amazon S3 compatible):
[32mminio_1   |[0m 2022-09-29T13:01:05.032138814Z    Go:         https://docs.min.io/docs/golang-client-quickstart-guide
[32mminio_1   |[0m 2022-09-29T13:01:05.032140570Z    Java:       https://docs.min.io/docs/java-client-quickstart-guide
[32mminio_1   |[0m 2022-09-29T13:01:05.032142495Z    Python:     https://docs.min.io/docs/python-client-quickstart-guide
[32mminio_1   |[0m 2022-09-29T13:01:05.032144206Z    JavaScript: https://docs.min.io/docs/javascript-client-quickstart-guide
[32mminio_1   |[0m 2022-09-29T13:01:05.032146304Z    .NET:       https://docs.min.io/docs/dotnet-client-quickstart-guide
[32mminio_1   |[0m 2022-09-29T13:01:05.065033377Z 
[32mminio_1   |[0m 2022-09-29T13:01:05.065050165Z API: SYSTEM()
[32mminio_1   |[0m 2022-09-29T13:01:05.065052291Z Time: 13:01:05 UTC 09/29/2022
[32mminio_1   |[0m 2022-09-29T13:01:05.065053924Z DeploymentID: 258c47be-215e-4ffb-aa75-0e511f50c814
[32mminio_1   |[0m 2022-09-29T13:01:05.065055563Z Error: Unable to migrate IAM users and policies to new format: sio: data is not authentic (*fmt.wrapError)
[32mminio_1   |[0m 2022-09-29T13:01:05.065057270Z        1: cmd/iam.go:510:cmd.(*IAMSys).Init()
[32mminio_1   |[0m 2022-09-29T13:01:05.065058903Z 
[32mminio_1   |[0m 2022-09-29T13:01:05.065060382Z API: SYSTEM()
[32mminio_1   |[0m 2022-09-29T13:01:05.065061879Z Time: 13:01:05 UTC 09/29/2022
[32mminio_1   |[0m 2022-09-29T13:01:05.065063358Z DeploymentID: 258c47be-215e-4ffb-aa75-0e511f50c814
[32mminio_1   |[0m 2022-09-29T13:01:05.065064910Z Error: IAM sub-system is partially initialized, some users may not be available (*errors.errorString)
[32mminio_1   |[0m 2022-09-29T13:01:05.065066533Z        1: cmd/iam.go:511:cmd.(*IAMSys).Init()
[32mminio_1   |[0m 2022-09-29T13:02:25.720901905Z Exiting on signal: TERMINATED
[32mminio_1   |[0m 2022-09-29T13:11:26.256035260Z 
[32mminio_1   |[0m 2022-09-29T13:11:26.256132271Z  You are running an older version of MinIO released 2 years ago 
[32mminio_1   |[0m 2022-09-29T13:11:26.256144386Z  Update: Run `mc admin update` 
[32mminio_1   |[0m 2022-09-29T13:11:26.256152027Z 
[32mminio_1   |[0m 2022-09-29T13:11:26.256158700Z 
[32mminio_1   |[0m 2022-09-29T13:11:26.329416165Z 
[32mminio_1   |[0m 2022-09-29T13:11:26.329437469Z API: SYSTEM()
[32mminio_1   |[0m 2022-09-29T13:11:26.329440357Z Time: 13:11:26 UTC 09/29/2022
[32mminio_1   |[0m 2022-09-29T13:11:26.329442259Z DeploymentID: 258c47be-215e-4ffb-aa75-0e511f50c814
[32mminio_1   |[0m 2022-09-29T13:11:26.329444194Z Error: Unable to initialize config, some features may be missing Invalid credentials (*fmt.wrapError)
[32mminio_1   |[0m 2022-09-29T13:11:26.329446554Z        3: cmd/server-main.go:366:cmd.initAllSubsystems()
[32mminio_1   |[0m 2022-09-29T13:11:26.329448393Z        2: cmd/server-main.go:295:cmd.initServer()
[32mminio_1   |[0m 2022-09-29T13:11:26.329450200Z        1: cmd/server-main.go:500:cmd.serverMain()
[32mminio_1   |[0m 2022-09-29T13:11:26.329669238Z Endpoint: http://172.18.0.2:9000  http://127.0.0.1:9000 
[32mminio_1   |[0m 2022-09-29T13:11:26.329678809Z 
[32mminio_1   |[0m 2022-09-29T13:11:26.329682586Z Browser Access:
[32mminio_1   |[0m 2022-09-29T13:11:26.329685628Z    http://172.18.0.2:9000  http://127.0.0.1:9000
[32mminio_1   |[0m 2022-09-29T13:11:26.329689031Z 
[32mminio_1   |[0m 2022-09-29T13:11:26.329690856Z Object API (Amazon S3 compatible):
[32mminio_1   |[0m 2022-09-29T13:11:26.329692595Z    Go:         https://docs.min.io/docs/golang-client-quickstart-guide
[32mminio_1   |[0m 2022-09-29T13:11:26.329694334Z    Java:       https://docs.min.io/docs/java-client-quickstart-guide
[32mminio_1   |[0m 2022-09-29T13:11:26.329696032Z    Python:     https://docs.min.io/docs/python-client-quickstart-guide
[32mminio_1   |[0m 2022-09-29T13:11:26.329697772Z    JavaScript: https://docs.min.io/docs/javascript-client-quickstart-guide
[32mminio_1   |[0m 2022-09-29T13:11:26.329699500Z    .NET:       https://docs.min.io/docs/dotnet-client-quickstart-guide
[32mminio_1   |[0m 2022-09-29T13:11:26.360195574Z 
[32mminio_1   |[0m 2022-09-29T13:11:26.360231971Z API: SYSTEM()
[32mminio_1   |[0m 2022-09-29T13:11:26.360234826Z Time: 13:11:26 UTC 09/29/2022
[32mminio_1   |[0m 2022-09-29T13:11:26.360236425Z DeploymentID: 258c47be-215e-4ffb-aa75-0e511f50c814
[32mminio_1   |[0m 2022-09-29T13:11:26.360238129Z Error: Unable to migrate IAM users and policies to new format: sio: data is not authentic (*fmt.wrapError)
[32mminio_1   |[0m 2022-09-29T13:11:26.360239776Z        1: cmd/iam.go:510:cmd.(*IAMSys).Init()
[32mminio_1   |[0m 2022-09-29T13:11:26.360241332Z 
[32mminio_1   |[0m 2022-09-29T13:11:26.360242823Z API: SYSTEM()
[32mminio_1   |[0m 2022-09-29T13:11:26.360244364Z Time: 13:11:26 UTC 09/29/2022
[32mminio_1   |[0m 2022-09-29T13:11:26.360245892Z DeploymentID: 258c47be-215e-4ffb-aa75-0e511f50c814
[32mminio_1   |[0m 2022-09-29T13:11:26.360247391Z Error: IAM sub-system is partially initialized, some users may not be available (*errors.errorString)
[32mminio_1   |[0m 2022-09-29T13:11:26.360248981Z        1: cmd/iam.go:511:cmd.(*IAMSys).Init()
[32mminio_1   |[0m 2022-09-29T13:13:06.375914374Z Exiting on signal: TERMINATED
[32mminio_1   |[0m 2022-09-29T15:14:34.486516881Z 
[32mminio_1   |[0m 2022-09-29T15:14:34.486559590Z  You are running an older version of MinIO released 2 years ago 
[32mminio_1   |[0m 2022-09-29T15:14:34.486564834Z  Update: Run `mc admin update` 
[32mminio_1   |[0m 2022-09-29T15:14:34.486568395Z 
[32mminio_1   |[0m 2022-09-29T15:14:34.486571490Z 
[32mminio_1   |[0m 2022-09-29T15:14:34.564235507Z 
[32mminio_1   |[0m 2022-09-29T15:14:34.564262111Z API: SYSTEM()
[32mminio_1   |[0m 2022-09-29T15:14:34.564265744Z Time: 15:14:34 UTC 09/29/2022
[32mminio_1   |[0m 2022-09-29T15:14:34.564268849Z DeploymentID: 258c47be-215e-4ffb-aa75-0e511f50c814
[32mminio_1   |[0m 2022-09-29T15:14:34.564271900Z Error: Unable to initialize config, some features may be missing Invalid credentials (*fmt.wrapError)
[32mminio_1   |[0m 2022-09-29T15:14:34.564276029Z        3: cmd/server-main.go:366:cmd.initAllSubsystems()
[32mminio_1   |[0m 2022-09-29T15:14:34.564278882Z        2: cmd/server-main.go:295:cmd.initServer()
[32mminio_1   |[0m 2022-09-29T15:14:34.564281729Z        1: cmd/server-main.go:500:cmd.serverMain()
[32mminio_1   |[0m 2022-09-29T15:14:34.564858480Z Endpoint: http://172.18.0.6:9000  http://127.0.0.1:9000 
[32mminio_1   |[0m 2022-09-29T15:14:34.564869184Z 
[32mminio_1   |[0m 2022-09-29T15:14:34.565079806Z Browser Access:
[32mminio_1   |[0m 2022-09-29T15:14:34.565084158Z    http://172.18.0.6:9000  http://127.0.0.1:9000
[32mminio_1   |[0m 2022-09-29T15:14:34.565087099Z 
[32mminio_1   |[0m 2022-09-29T15:14:34.565089802Z Object API (Amazon S3 compatible):
[32mminio_1   |[0m 2022-09-29T15:14:34.565092643Z    Go:         https://docs.min.io/docs/golang-client-quickstart-guide
[35mredis_1   |[0m 2022-09-29T10:49:17.603416808Z 1:C 29 Sep 2022 10:49:17.602 # oO0OoO0OoO0Oo Redis is starting oO0OoO0OoO0Oo
[35mredis_1   |[0m 2022-09-29T10:49:17.603441802Z 1:C 29 Sep 2022 10:49:17.603 # Redis version=6.0.9, bits=64, commit=00000000, modified=0, pid=1, just started
[35mredis_1   |[0m 2022-09-29T10:49:17.603444737Z 1:C 29 Sep 2022 10:49:17.603 # Configuration loaded
[35mredis_1   |[0m 2022-09-29T10:49:17.603872636Z 1:M 29 Sep 2022 10:49:17.603 * Increased maximum number of open files to 10032 (it was originally set to 1024).
[35mredis_1   |[0m 2022-09-29T10:49:17.604537149Z 1:M 29 Sep 2022 10:49:17.604 * Running mode=standalone, port=6379.
[35mredis_1   |[0m 2022-09-29T10:49:17.604544962Z 1:M 29 Sep 2022 10:49:17.604 # Server initialized
[35mredis_1   |[0m 2022-09-29T10:49:17.604547736Z 1:M 29 Sep 2022 10:49:17.604 # WARNING overcommit_memory is set to 0! Background save may fail under low memory condition. To fix this issue add 'vm.overcommit_memory = 1' to /etc/sysctl.conf and then reboot or run the command 'sysctl vm.overcommit_memory=1' for this to take effect.
[35mredis_1   |[0m 2022-09-29T10:49:17.604707150Z 1:M 29 Sep 2022 10:49:17.604 * Ready to accept connections
[35mredis_1   |[0m 2022-09-29T11:01:57.032741732Z 1:signal-handler (1664449317) Received SIGTERM scheduling shutdown...
[35mredis_1   |[0m 2022-09-29T11:01:57.064830536Z 1:M 29 Sep 2022 11:01:57.064 # User requested shutdown...
[35mredis_1   |[0m 2022-09-29T11:01:57.064853298Z 1:M 29 Sep 2022 11:01:57.064 # Redis is now ready to exit, bye bye...
[35mredis_1   |[0m 2022-09-29T11:43:23.374834832Z 1:C 29 Sep 2022 11:43:23.374 # oO0OoO0OoO0Oo Redis is starting oO0OoO0OoO0Oo
[35mredis_1   |[0m 2022-09-29T11:43:23.374860378Z 1:C 29 Sep 2022 11:43:23.374 # Redis version=6.0.9, bits=64, commit=00000000, modified=0, pid=1, just started
[35mredis_1   |[0m 2022-09-29T11:43:23.374863110Z 1:C 29 Sep 2022 11:43:23.374 # Configuration loaded
[35mredis_1   |[0m 2022-09-29T11:43:23.375316086Z 1:M 29 Sep 2022 11:43:23.375 * Increased maximum number of open files to 10032 (it was originally set to 1024).
[35mredis_1   |[0m 2022-09-29T11:43:23.375746932Z 1:M 29 Sep 2022 11:43:23.375 * Running mode=standalone, port=6379.
[35mredis_1   |[0m 2022-09-29T11:43:23.375754792Z 1:M 29 Sep 2022 11:43:23.375 # Server initialized
[35mredis_1   |[0m 2022-09-29T11:43:23.375757668Z 1:M 29 Sep 2022 11:43:23.375 # WARNING overcommit_memory is set to 0! Background save may fail under low memory condition. To fix this issue add 'vm.overcommit_memory = 1' to /etc/sysctl.conf and then reboot or run the command 'sysctl vm.overcommit_memory=1' for this to take effect.
[35mredis_1   |[0m 2022-09-29T11:43:23.376003564Z 1:M 29 Sep 2022 11:43:23.375 * Ready to accept connections
[35mredis_1   |[0m 2022-09-29T12:07:38.382815044Z 1:signal-handler (1664453258) Received SIGTERM scheduling shutdown...
[35mredis_1   |[0m 2022-09-29T12:07:38.424001311Z 1:M 29 Sep 2022 12:07:38.423 # User requested shutdown...
[35mredis_1   |[0m 2022-09-29T12:07:38.424126828Z 1:M 29 Sep 2022 12:07:38.424 # Redis is now ready to exit, bye bye...
[35mredis_1   |[0m 2022-09-29T12:33:18.320475481Z 1:C 29 Sep 2022 12:33:18.320 # oO0OoO0OoO0Oo Redis is starting oO0OoO0OoO0Oo
[35mredis_1   |[0m 2022-09-29T12:33:18.320518894Z 1:C 29 Sep 2022 12:33:18.320 # Redis version=6.0.9, bits=64, commit=00000000, modified=0, pid=1, just started
[35mredis_1   |[0m 2022-09-29T12:33:18.320523597Z 1:C 29 Sep 2022 12:33:18.320 # Configuration loaded
[35mredis_1   |[0m 2022-09-29T12:33:18.320994108Z 1:M 29 Sep 2022 12:33:18.320 * Increased maximum number of open files to 10032 (it was originally set to 1024).
[35mredis_1   |[0m 2022-09-29T12:33:18.321538317Z 1:M 29 Sep 2022 12:33:18.321 * Running mode=standalone, port=6379.
[35mredis_1   |[0m 2022-09-29T12:33:18.321561081Z 1:M 29 Sep 2022 12:33:18.321 # Server initialized
[35mredis_1   |[0m 2022-09-29T12:33:18.321566056Z 1:M 29 Sep 2022 12:33:18.321 # WARNING overcommit_memory is set to 0! Background save may fail under low memory condition. To fix this issue add 'vm.overcommit_memory = 1' to /etc/sysctl.conf and then reboot or run the command 'sysctl vm.overcommit_memory=1' for this to take effect.
[35mredis_1   |[0m 2022-09-29T12:33:18.322930996Z 1:M 29 Sep 2022 12:33:18.321 * Ready to accept connections
[35mredis_1   |[0m 2022-09-29T13:00:42.431246089Z 1:signal-handler (1664456442) Received SIGTERM scheduling shutdown...
[35mredis_1   |[0m 2022-09-29T13:00:42.431442003Z 1:M 29 Sep 2022 13:00:42.431 # User requested shutdown...
[35mredis_1   |[0m 2022-09-29T13:00:42.431453760Z 1:M 29 Sep 2022 13:00:42.431 # Redis is now ready to exit, bye bye...
[35mredis_1   |[0m 2022-09-29T15:14:32.790853976Z 1:C 29 Sep 2022 15:14:32.790 # oO0OoO0OoO0Oo Redis is starting oO0OoO0OoO0Oo
[35mredis_1   |[0m 2022-09-29T15:14:32.790979023Z 1:C 29 Sep 2022 15:14:32.790 # Redis version=6.0.9, bits=64, commit=00000000, modified=0, pid=1, just started
[35mredis_1   |[0m 2022-09-29T15:14:32.790985600Z 1:C 29 Sep 2022 15:14:32.790 # Configuration loaded
[35mredis_1   |[0m 2022-09-29T15:14:32.791861808Z 1:M 29 Sep 2022 15:14:32.791 * Increased maximum number of open files to 10032 (it was originally set to 1024).
[35mredis_1   |[0m 2022-09-29T15:14:32.792816972Z 1:M 29 Sep 2022 15:14:32.792 * Running mode=standalone, port=6379.
[35mredis_1   |[0m 2022-09-29T15:14:32.792834490Z 1:M 29 Sep 2022 15:14:32.792 # Server initialized
[35mredis_1   |[0m 2022-09-29T15:14:32.792838490Z 1:M 29 Sep 2022 15:14:32.792 # WARNING overcommit_memory is set to 0! Background save may fail under low memory condition. To fix this issue add 'vm.overcommit_memory = 1' to /etc/sysctl.conf and then reboot or run the command 'sysctl vm.overcommit_memory=1' for this to take effect.
[35mredis_1   |[0m 2022-09-29T15:14:32.792842644Z 1:M 29 Sep 2022 15:14:32.792 * Ready to accept connections
[35mredis_1   |[0m 2022-09-29T15:15:02.355856319Z 1:signal-handler (1664464502) Received SIGTERM scheduling shutdown...
[35mredis_1   |[0m 2022-09-29T15:15:02.394117440Z 1:M 29 Sep 2022 15:15:02.394 # User requested shutdown...
[35mredis_1   |[0m 2022-09-29T15:15:02.394141495Z 1:M 29 Sep 2022 15:15:02.394 # Redis is now ready to exit, bye bye...
[35mredis_1   |[0m 2022-09-29T15:15:21.013168326Z 1:C 29 Sep 2022 15:15:21.013 # oO0OoO0OoO0Oo Redis is starting oO0OoO0OoO0Oo
[35mredis_1   |[0m 2022-09-29T15:15:21.013197503Z 1:C 29 Sep 2022 15:15:21.013 # Redis version=6.0.9, bits=64, commit=00000000, modified=0, pid=1, just started
[35mredis_1   |[0m 2022-09-29T15:15:21.013201153Z 1:C 29 Sep 2022 15:15:21.013 # Configuration loaded
[35mredis_1   |[0m 2022-09-29T15:15:21.013608503Z 1:M 29 Sep 2022 15:15:21.013 * Increased maximum number of open files to 10032 (it was originally set to 1024).
[35mredis_1   |[0m 2022-09-29T15:15:21.013875052Z 1:M 29 Sep 2022 15:15:21.013 * Running mode=standalone, port=6379.
[35mredis_1   |[0m 2022-09-29T15:15:21.013899957Z 1:M 29 Sep 2022 15:15:21.013 # Server initialized
[35mredis_1   |[0m 2022-09-29T15:15:21.013908892Z 1:M 29 Sep 2022 15:15:21.013 # WARNING overcommit_memory is set to 0! Background save may fail under low memory condition. To fix this issue add 'vm.overcommit_memory = 1' to /etc/sysctl.conf and then reboot or run the command 'sysctl vm.overcommit_memory=1' for this to take effect.
[35mredis_1   |[0m 2022-09-29T15:15:21.014142358Z 1:M 29 Sep 2022 15:15:21.014 * Ready to accept connections
[35mredis_1   |[0m 2022-09-29T15:29:18.875482361Z 1:C 29 Sep 2022 15:29:18.875 # oO0OoO0OoO0Oo Redis is starting oO0OoO0OoO0Oo
[35mredis_1   |[0m 2022-09-29T15:29:18.875541721Z 1:C 29 Sep 2022 15:29:18.875 # Redis version=6.0.9, bits=64, commit=00000000, modified=0, pid=1, just started
[35mredis_1   |[0m 2022-09-29T15:29:18.875548290Z 1:C 29 Sep 2022 15:29:18.875 # Configuration loaded
[35mredis_1   |[0m 2022-09-29T15:29:18.876040892Z 1:M 29 Sep 2022 15:29:18.876 * Increased maximum number of open files to 10032 (it was originally set to 1024).
[35mredis_1   |[0m 2022-09-29T15:29:18.876545827Z 1:M 29 Sep 2022 15:29:18.876 * Running mode=standalone, port=6379.
[35mredis_1   |[0m 2022-09-29T15:29:18.876571331Z 1:M 29 Sep 2022 15:29:18.876 # Server initialized
[35mredis_1   |[0m 2022-09-29T15:29:18.876586458Z 1:M 29 Sep 2022 15:29:18.876 # WARNING overcommit_memory is set to 0! Background save may fail under low memory condition. To fix this issue add 'vm.overcommit_memory = 1' to /etc/sysctl.conf and then reboot or run the command 'sysctl vm.overcommit_memory=1' for this to take effect.
[35mredis_1   |[0m 2022-09-29T15:29:18.876801447Z 1:M 29 Sep 2022 15:29:18.876 * Ready to accept connections
[35mredis_1   |[0m 2022-09-29T15:31:01.913254284Z 1:signal-handler (1664465461) Received SIGTERM scheduling shutdown...
[35mredis_1   |[0m 2022-09-29T15:31:01.922378610Z 1:M 29 Sep 2022 15:31:01.922 # User requested shutdown...
[35mredis_1   |[0m 2022-09-29T15:31:01.922403402Z 1:M 29 Sep 2022 15:31:01.922 # Redis is now ready to exit, bye bye...
[32mminio_1   |[0m 2022-09-29T15:14:34.565098617Z    Java:       https://docs.min.io/docs/java-client-quickstart-guide
[32mminio_1   |[0m 2022-09-29T15:14:34.565101883Z    Python:     https://docs.min.io/docs/python-client-quickstart-guide
[32mminio_1   |[0m 2022-09-29T15:14:34.565104632Z    JavaScript: https://docs.min.io/docs/javascript-client-quickstart-guide
[32mminio_1   |[0m 2022-09-29T15:14:34.565107323Z    .NET:       https://docs.min.io/docs/dotnet-client-quickstart-guide
[32mminio_1   |[0m 2022-09-29T15:14:34.625552201Z 
[32mminio_1   |[0m 2022-09-29T15:14:34.625578832Z API: SYSTEM()
[32mminio_1   |[0m 2022-09-29T15:14:34.625582986Z Time: 15:14:34 UTC 09/29/2022
[32mminio_1   |[0m 2022-09-29T15:14:34.625585814Z DeploymentID: 258c47be-215e-4ffb-aa75-0e511f50c814
[32mminio_1   |[0m 2022-09-29T15:14:34.625588629Z Error: Unable to migrate IAM users and policies to new format: sio: data is not authentic (*fmt.wrapError)
[32mminio_1   |[0m 2022-09-29T15:14:34.625591807Z        1: cmd/iam.go:510:cmd.(*IAMSys).Init()
[32mminio_1   |[0m 2022-09-29T15:14:34.625594457Z 
[32mminio_1   |[0m 2022-09-29T15:14:34.625597154Z API: SYSTEM()
[32mminio_1   |[0m 2022-09-29T15:14:34.625599701Z Time: 15:14:34 UTC 09/29/2022
[32mminio_1   |[0m 2022-09-29T15:14:34.625602610Z DeploymentID: 258c47be-215e-4ffb-aa75-0e511f50c814
[32mminio_1   |[0m 2022-09-29T15:14:34.625605391Z Error: IAM sub-system is partially initialized, some users may not be available (*errors.errorString)
[32mminio_1   |[0m 2022-09-29T15:14:34.625608544Z        1: cmd/iam.go:511:cmd.(*IAMSys).Init()
[32mminio_1   |[0m 2022-09-29T15:15:02.360689289Z Exiting on signal: TERMINATED
[32mminio_1   |[0m 2022-09-29T15:15:21.434451768Z 
[32mminio_1   |[0m 2022-09-29T15:15:21.434497780Z  You are running an older version of MinIO released 2 years ago 
[32mminio_1   |[0m 2022-09-29T15:15:21.434503207Z  Update: Run `mc admin update` 
[32mminio_1   |[0m 2022-09-29T15:15:21.434506318Z 
[32mminio_1   |[0m 2022-09-29T15:15:21.434509319Z 
[32mminio_1   |[0m 2022-09-29T15:15:21.498636606Z 
[32mminio_1   |[0m 2022-09-29T15:15:21.498657036Z API: SYSTEM()
[32mminio_1   |[0m 2022-09-29T15:15:21.498659710Z Time: 15:15:21 UTC 09/29/2022
[32mminio_1   |[0m 2022-09-29T15:15:21.498662315Z DeploymentID: 258c47be-215e-4ffb-aa75-0e511f50c814
[32mminio_1   |[0m 2022-09-29T15:15:21.498665571Z Error: Unable to initialize config, some features may be missing Invalid credentials (*fmt.wrapError)
[32mminio_1   |[0m 2022-09-29T15:15:21.498671429Z        3: cmd/server-main.go:366:cmd.initAllSubsystems()
[32mminio_1   |[0m 2022-09-29T15:15:21.498674541Z        2: cmd/server-main.go:295:cmd.initServer()
[32mminio_1   |[0m 2022-09-29T15:15:21.498677629Z        1: cmd/server-main.go:500:cmd.serverMain()
[32mminio_1   |[0m 2022-09-29T15:15:21.502286031Z Endpoint: http://172.18.0.2:9000  http://127.0.0.1:9000 
[32mminio_1   |[0m 2022-09-29T15:15:21.502317043Z 
[32mminio_1   |[0m 2022-09-29T15:15:21.502322405Z Browser Access:
[32mminio_1   |[0m 2022-09-29T15:15:21.502326163Z    http://172.18.0.2:9000  http://127.0.0.1:9000
[32mminio_1   |[0m 2022-09-29T15:15:21.502329891Z 
[32mminio_1   |[0m 2022-09-29T15:15:21.502333286Z Object API (Amazon S3 compatible):
[32mminio_1   |[0m 2022-09-29T15:15:21.502336816Z    Go:         https://docs.min.io/docs/golang-client-quickstart-guide
[32mminio_1   |[0m 2022-09-29T15:15:21.502340332Z    Java:       https://docs.min.io/docs/java-client-quickstart-guide
[32mminio_1   |[0m 2022-09-29T15:15:21.502344207Z    Python:     https://docs.min.io/docs/python-client-quickstart-guide
[32mminio_1   |[0m 2022-09-29T15:15:21.502347951Z    JavaScript: https://docs.min.io/docs/javascript-client-quickstart-guide
[32mminio_1   |[0m 2022-09-29T15:15:21.502351519Z    .NET:       https://docs.min.io/docs/dotnet-client-quickstart-guide
[32mminio_1   |[0m 2022-09-29T15:15:21.548784272Z 
[32mminio_1   |[0m 2022-09-29T15:15:21.548807410Z API: SYSTEM()
[32mminio_1   |[0m 2022-09-29T15:15:21.548810181Z Time: 15:15:21 UTC 09/29/2022
[32mminio_1   |[0m 2022-09-29T15:15:21.548812489Z DeploymentID: 258c47be-215e-4ffb-aa75-0e511f50c814
[32mminio_1   |[0m 2022-09-29T15:15:21.548814834Z Error: Unable to migrate IAM users and policies to new format: sio: data is not authentic (*fmt.wrapError)
[32mminio_1   |[0m 2022-09-29T15:15:21.548817046Z        1: cmd/iam.go:510:cmd.(*IAMSys).Init()
[32mminio_1   |[0m 2022-09-29T15:15:21.548819242Z 
[32mminio_1   |[0m 2022-09-29T15:15:21.548821262Z API: SYSTEM()
[32mminio_1   |[0m 2022-09-29T15:15:21.548823385Z Time: 15:15:21 UTC 09/29/2022
[32mminio_1   |[0m 2022-09-29T15:15:21.548825436Z DeploymentID: 258c47be-215e-4ffb-aa75-0e511f50c814
[32mminio_1   |[0m 2022-09-29T15:15:21.548827522Z Error: IAM sub-system is partially initialized, some users may not be available (*errors.errorString)
[32mminio_1   |[0m 2022-09-29T15:15:21.548829662Z        1: cmd/iam.go:511:cmd.(*IAMSys).Init()
[32mminio_1   |[0m 2022-09-29T15:28:40.494759272Z 
[32mminio_1   |[0m 2022-09-29T15:28:40.494844909Z  You are running an older version of MinIO released 2 years ago 
[32mminio_1   |[0m 2022-09-29T15:28:40.494885484Z  Update: Run `mc admin update` 
[32mminio_1   |[0m 2022-09-29T15:28:40.494898930Z 
[32mminio_1   |[0m 2022-09-29T15:28:40.494912753Z 
[32mminio_1   |[0m 2022-09-29T15:28:40.575225604Z 
[32mminio_1   |[0m 2022-09-29T15:28:40.575241121Z API: SYSTEM()
[32mminio_1   |[0m 2022-09-29T15:28:40.575243619Z Time: 15:28:40 UTC 09/29/2022
[32mminio_1   |[0m 2022-09-29T15:28:40.575245567Z DeploymentID: 258c47be-215e-4ffb-aa75-0e511f50c814
[32mminio_1   |[0m 2022-09-29T15:28:40.575251619Z Error: Unable to initialize config, some features may be missing Invalid credentials (*fmt.wrapError)
[32mminio_1   |[0m 2022-09-29T15:28:40.575255497Z        3: cmd/server-main.go:366:cmd.initAllSubsystems()
[32mminio_1   |[0m 2022-09-29T15:28:40.575257646Z        2: cmd/server-main.go:295:cmd.initServer()
[32mminio_1   |[0m 2022-09-29T15:28:40.575259910Z        1: cmd/server-main.go:500:cmd.serverMain()
[32mminio_1   |[0m 2022-09-29T15:28:40.575397155Z Endpoint: http://172.18.0.2:9000  http://127.0.0.1:9000 
[32mminio_1   |[0m 2022-09-29T15:28:40.575408548Z 
[32mminio_1   |[0m 2022-09-29T15:28:40.575412955Z Browser Access:
[32mminio_1   |[0m 2022-09-29T15:28:40.575415881Z    http://172.18.0.2:9000  http://127.0.0.1:9000
[32mminio_1   |[0m 2022-09-29T15:28:40.575418389Z 
[32mminio_1   |[0m 2022-09-29T15:28:40.575421072Z Object API (Amazon S3 compatible):
[32mminio_1   |[0m 2022-09-29T15:28:40.575423890Z    Go:         https://docs.min.io/docs/golang-client-quickstart-guide
[32mminio_1   |[0m 2022-09-29T15:28:40.575426772Z    Java:       https://docs.min.io/docs/java-client-quickstart-guide
[32mminio_1   |[0m 2022-09-29T15:28:40.575429331Z    Python:     https://docs.min.io/docs/python-client-quickstart-guide
[32mminio_1   |[0m 2022-09-29T15:28:40.575432057Z    JavaScript: https://docs.min.io/docs/javascript-client-quickstart-guide
[32mminio_1   |[0m 2022-09-29T15:28:40.575434903Z    .NET:       https://docs.min.io/docs/dotnet-client-quickstart-guide
[32mminio_1   |[0m 2022-09-29T15:28:40.612940271Z 
[32mminio_1   |[0m 2022-09-29T15:28:40.612957829Z API: SYSTEM()
[32mminio_1   |[0m 2022-09-29T15:28:40.612960230Z Time: 15:28:40 UTC 09/29/2022
[32mminio_1   |[0m 2022-09-29T15:28:40.612962134Z DeploymentID: 258c47be-215e-4ffb-aa75-0e511f50c814
[32mminio_1   |[0m 2022-09-29T15:28:40.612963987Z Error: Unable to migrate IAM users and policies to new format: sio: data is not authentic (*fmt.wrapError)
[32mminio_1   |[0m 2022-09-29T15:28:40.612965822Z        1: cmd/iam.go:510:cmd.(*IAMSys).Init()
[32mminio_1   |[0m 2022-09-29T15:28:40.612967534Z 
[32mminio_1   |[0m 2022-09-29T15:28:40.612969214Z API: SYSTEM()
[32mminio_1   |[0m 2022-09-29T15:28:40.612970916Z Time: 15:28:40 UTC 09/29/2022
[32mminio_1   |[0m 2022-09-29T15:28:40.612972608Z DeploymentID: 258c47be-215e-4ffb-aa75-0e511f50c814
[32mminio_1   |[0m 2022-09-29T15:28:40.612974365Z Error: IAM sub-system is partially initialized, some users may not be available (*errors.errorString)
[32mminio_1   |[0m 2022-09-29T15:28:40.612976306Z        1: cmd/iam.go:511:cmd.(*IAMSys).Init()
[32mminio_1   |[0m 2022-09-29T15:29:12.989067882Z Exiting on signal: TERMINATED
[32mminio_1   |[0m 2022-09-29T15:29:21.678335073Z 
[32mminio_1   |[0m 2022-09-29T15:29:21.678377438Z  You are running an older version of MinIO released 2 years ago 
[32mminio_1   |[0m 2022-09-29T15:29:21.678392570Z  Update: Run `mc admin update` 
[32mminio_1   |[0m 2022-09-29T15:29:21.678396032Z 
[32mminio_1   |[0m 2022-09-29T15:29:21.678398896Z 
[32mminio_1   |[0m 2022-09-29T15:29:21.746781924Z 
[32mminio_1   |[0m 2022-09-29T15:29:21.746809480Z API: SYSTEM()
[32mminio_1   |[0m 2022-09-29T15:29:21.746814298Z Time: 15:29:21 UTC 09/29/2022
[32mminio_1   |[0m 2022-09-29T15:29:21.746817708Z DeploymentID: 258c47be-215e-4ffb-aa75-0e511f50c814
[32mminio_1   |[0m 2022-09-29T15:29:21.746821783Z Error: Unable to initialize config, some features may be missing Invalid credentials (*fmt.wrapError)
[32mminio_1   |[0m 2022-09-29T15:29:21.746826774Z        3: cmd/server-main.go:366:cmd.initAllSubsystems()
[32mminio_1   |[0m 2022-09-29T15:29:21.746828856Z        2: cmd/server-main.go:295:cmd.initServer()
[32mminio_1   |[0m 2022-09-29T15:29:21.746830730Z        1: cmd/server-main.go:500:cmd.serverMain()
[32mminio_1   |[0m 2022-09-29T15:29:21.747053135Z Endpoint: http://172.18.0.5:9000  http://127.0.0.1:9000 
[32mminio_1   |[0m 2022-09-29T15:29:21.747063820Z 
[32mminio_1   |[0m 2022-09-29T15:29:21.747067842Z Browser Access:
[32mminio_1   |[0m 2022-09-29T15:29:21.747070175Z    http://172.18.0.5:9000  http://127.0.0.1:9000
[32mminio_1   |[0m 2022-09-29T15:29:21.747072187Z 
[32mminio_1   |[0m 2022-09-29T15:29:21.747074038Z Object API (Amazon S3 compatible):
[32mminio_1   |[0m 2022-09-29T15:29:21.747075982Z    Go:         https://docs.min.io/docs/golang-client-quickstart-guide
[32mminio_1   |[0m 2022-09-29T15:29:21.747105464Z    Java:       https://docs.min.io/docs/java-client-quickstart-guide
[32mminio_1   |[0m 2022-09-29T15:29:21.747117384Z    Python:     https://docs.min.io/docs/python-client-quickstart-guide
[32mminio_1   |[0m 2022-09-29T15:29:21.747122173Z    JavaScript: https://docs.min.io/docs/javascript-client-quickstart-guide
[32mminio_1   |[0m 2022-09-29T15:29:21.747125686Z    .NET:       https://docs.min.io/docs/dotnet-client-quickstart-guide
[32mminio_1   |[0m 2022-09-29T15:29:21.798744572Z 
[32mminio_1   |[0m 2022-09-29T15:29:21.798771638Z API: SYSTEM()
[32mminio_1   |[0m 2022-09-29T15:29:21.798776010Z Time: 15:29:21 UTC 09/29/2022
[32mminio_1   |[0m 2022-09-29T15:29:21.798779619Z DeploymentID: 258c47be-215e-4ffb-aa75-0e511f50c814
[32mminio_1   |[0m 2022-09-29T15:29:21.798783264Z Error: Unable to migrate IAM users and policies to new format: sio: data is not authentic (*fmt.wrapError)
[32mminio_1   |[0m 2022-09-29T15:29:21.798786850Z        1: cmd/iam.go:510:cmd.(*IAMSys).Init()
[32mminio_1   |[0m 2022-09-29T15:29:21.798790226Z 
[32mminio_1   |[0m 2022-09-29T15:29:21.798793594Z API: SYSTEM()
[32mminio_1   |[0m 2022-09-29T15:29:21.798797028Z Time: 15:29:21 UTC 09/29/2022
[32mminio_1   |[0m 2022-09-29T15:29:21.798800440Z DeploymentID: 258c47be-215e-4ffb-aa75-0e511f50c814
[32mminio_1   |[0m 2022-09-29T15:29:21.798804037Z Error: IAM sub-system is partially initialized, some users may not be available (*errors.errorString)
[32mminio_1   |[0m 2022-09-29T15:29:21.798807696Z        1: cmd/iam.go:511:cmd.(*IAMSys).Init()
[32mminio_1   |[0m 2022-09-29T15:31:01.894638674Z Exiting on signal: TERMINATED
[36msapienta_candc_1 exited with code 137
[0m[35msapienta_redis_1 exited with code 0
[0m[33mgrobid_1  |[0m 2022-09-26T15:46:01.817058549Z 15:46:01.813 [main] INFO org.grobid.service.main.GrobidServiceApplication - Configuration file: /opt/grobid/grobid-service/config/config.yaml
[33mgrobid_1  |[0m 2022-09-26T15:46:03.019192851Z INFO  [2022-09-26 15:46:03,018] io.dropwizard.server.DefaultServerFactory: Registering jersey handler with root path prefix: /
[33mgrobid_1  |[0m 2022-09-26T15:46:03.019845785Z INFO  [2022-09-26 15:46:03,019] io.dropwizard.server.DefaultServerFactory: Registering admin handler with root path prefix: /
[33mgrobid_1  |[0m 2022-09-26T15:46:03.021940143Z INFO  [2022-09-26 15:46:03,020] io.dropwizard.assets.AssetsBundle: Registering AssetBundle with name: grobidAssets for path /*
[33mgrobid_1  |[0m 2022-09-26T15:46:03.369428788Z INFO  [2022-09-26 15:46:03,368] com.hubspot.dropwizard.guicier.DropwizardModule: Added guice injected health check: org.grobid.service.resources.HealthResource
[33mgrobid_1  |[0m 2022-09-26T15:46:03.377903362Z INFO  [2022-09-26 15:46:03,377] org.grobid.core.utilities.GrobidProperties: environment variables overrides: {}
[33mgrobid_1  |[0m 2022-09-26T15:46:03.379937380Z INFO  [2022-09-26 15:46:03,379] org.grobid.service.GrobidRestService: Initiating Servlet GrobidRestService
[33mgrobid_1  |[0m 2022-09-26T15:46:03.380850446Z INFO  [2022-09-26 15:46:03,380] org.grobid.core.main.LibraryLoader: Loading external native sequence labelling library
[33mgrobid_1  |[0m 2022-09-26T15:46:03.381593834Z INFO  [2022-09-26 15:46:03,381] org.grobid.core.main.LibraryLoader: Loading Wapiti native library...
[33mgrobid_1  |[0m 2022-09-26T15:46:03.382565168Z INFO  [2022-09-26 15:46:03,382] org.grobid.core.main.LibraryLoader: Native library for sequence labelling loaded
[33mgrobid_1  |[0m 2022-09-26T15:46:03.384424075Z INFO  [2022-09-26 15:46:03,384] org.grobid.core.lexicon.Lexicon: Initiating dictionary
[33mgrobid_1  |[0m 2022-09-26T15:46:03.384539274Z INFO  [2022-09-26 15:46:03,384] org.grobid.core.lexicon.Lexicon: End of Initialization of dictionary
[33mgrobid_1  |[0m 2022-09-26T15:46:03.384553658Z INFO  [2022-09-26 15:46:03,384] org.grobid.core.lexicon.Lexicon: Initiating names
[33mgrobid_1  |[0m 2022-09-26T15:46:03.384629780Z INFO  [2022-09-26 15:46:03,384] org.grobid.core.lexicon.Lexicon: End of initialization of names
[33mgrobid_1  |[0m 2022-09-26T15:46:03.810745005Z INFO  [2022-09-26 15:46:03,810] org.grobid.core.lexicon.Lexicon: Initiating country codes
[33mgrobid_1  |[0m 2022-09-26T15:46:03.810768744Z INFO  [2022-09-26 15:46:03,810] org.grobid.core.lexicon.Lexicon: End of initialization of country codes
[33mgrobid_1  |[0m 2022-09-26T15:46:03.911314838Z INFO  [2022-09-26 15:46:03,911] org.grobid.core.factory.GrobidPoolingFactory: Number of Engines in pool active/max: 1/10
[33mgrobid_1  |[0m 2022-09-26T15:46:03.911336443Z INFO  [2022-09-26 15:46:03,911] org.grobid.service.GrobidRestService: Initiating of Servlet GrobidRestService finished.
[33mgrobid_1  |[0m 2022-09-26T15:46:03.914848702Z INFO  [2022-09-26 15:46:03,914] com.hubspot.dropwizard.guicier.DropwizardModule: Registering org.grobid.service.resources.HealthResource as a root resource class
[33mgrobid_1  |[0m 2022-09-26T15:46:03.914868297Z INFO  [2022-09-26 15:46:03,914] com.hubspot.dropwizard.guicier.DropwizardModule: Registering org.grobid.service.GrobidRestService as a root resource class
[33mgrobid_1  |[0m 2022-09-26T15:46:03.915371273Z INFO  [2022-09-26 15:46:03,915] com.hubspot.dropwizard.guicier.DropwizardModule: Registering org.grobid.service.exceptions.mapper.GrobidServiceExceptionMapper as a provider class
[33mgrobid_1  |[0m 2022-09-26T15:46:03.915527612Z INFO  [2022-09-26 15:46:03,915] com.hubspot.dropwizard.guicier.DropwizardModule: Registering org.grobid.service.exceptions.mapper.GrobidExceptionsTranslationUtility as a provider class
[33mgrobid_1  |[0m 2022-09-26T15:46:03.915546017Z INFO  [2022-09-26 15:46:03,915] com.hubspot.dropwizard.guicier.DropwizardModule: Registering org.grobid.service.exceptions.mapper.GrobidExceptionMapper as a provider class
[33mgrobid_1  |[0m 2022-09-26T15:46:03.915608576Z INFO  [2022-09-26 15:46:03,915] com.hubspot.dropwizard.guicier.DropwizardModule: Registering org.grobid.service.exceptions.mapper.WebApplicationExceptionMapper as a provider class
[33mgrobid_1  |[0m 2022-09-26T15:46:03.933599676Z INFO  [2022-09-26 15:46:03,917] org.grobid.service.main.GrobidServiceApplication: Service config=GrobidServiceConfiguration{server=DefaultServerFactory{applicationConnectors=[io.dropwizard.jetty.HttpConnectorFactory@1e6b9a95], adminConnectors=[io.dropwizard.jetty.HttpConnectorFactory@1e8823d2], adminMaxThreads=64, adminMinThreads=1, applicationContextPath=/, adminContextPath=/}, logging=DefaultLoggingFactory{level=INFO, loggers={org.apache.pdfbox.pdmodel.font.PDSimpleFont="OFF"}, appenders=[io.dropwizard.logging.ConsoleAppenderFactory@7ce7e83c, io.dropwizard.logging.FileAppenderFactory@5017e1]}, metrics=MetricsFactory{frequency=1 minute, reporters=[]}}
[33mgrobid_1  |[0m 2022-09-26T15:46:03.942737205Z INFO  [2022-09-26 15:46:03,942] io.dropwizard.server.ServerFactory: Starting grobid-service
[33mgrobid_1  |[0m 2022-09-26T15:46:03.942764488Z 
[33mgrobid_1  |[0m 2022-09-26T15:46:03.942767202Z  _______  _______  _______  ______  _________ ______     _______  _______  _______          _________ _______  _______
[33mgrobid_1  |[0m 2022-09-26T15:46:03.942769810Z (  ____ \(  ____ )(  ___  )(  ___ \ \__   __/(  __  \   (  ____ \(  ____ \(  ____ )|\     /|\__   __/(  ____ \(  ____ \
[33mgrobid_1  |[0m 2022-09-26T15:46:03.942774028Z | (    \/| (    )|| (   ) || (   ) )   ) (   | (  \  )  | (    \/| (    \/| (    )|| )   ( |   ) (   | (    \/| (    \/
[33mgrobid_1  |[0m 2022-09-26T15:46:03.942778137Z | |      | (____)|| |   | || (__/ /    | |   | |   ) |  | (_____ | (__    | (____)|| |   | |   | |   | |      | (__
[33mgrobid_1  |[0m 2022-09-26T15:46:03.942781712Z | | ____ |     __)| |   | ||  __ (     | |   | |   | |  (_____  )|  __)   |     __)( (   ) )   | |   | |      |  __)
[33mgrobid_1  |[0m 2022-09-26T15:46:03.942784549Z | | \_  )| (\ (   | |   | || (  \ \    | |   | |   ) |        ) || (      | (\ (    \ \_/ /    | |   | |      | (
[33mgrobid_1  |[0m 2022-09-26T15:46:03.942786860Z | (___) || ) \ \__| (___) || )___) )___) (___| (__/  )  /\____) || (____/\| ) \ \__  \   /  ___) (___| (____/\| (____/\
[33mgrobid_1  |[0m 2022-09-26T15:46:03.942789724Z (_______)|/   \__/(_______)|/ \___/ \_______/(______/   \_______)(_______/|/   \__/   \_/   \_______/(_______/(_______/
[33mgrobid_1  |[0m 2022-09-26T15:46:03.942792339Z 
[33mgrobid_1  |[0m 2022-09-26T15:46:03.942794050Z 
[33mgrobid_1  |[0m 2022-09-26T15:46:04.436109415Z INFO  [2022-09-26 15:46:04,435] org.eclipse.jetty.setuid.SetUIDListener: Opened application@12e12ac9{HTTP/1.1,[http/1.1]}{0.0.0.0:8070}
[33mgrobid_1  |[0m 2022-09-26T15:46:04.436322118Z INFO  [2022-09-26 15:46:04,436] org.eclipse.jetty.setuid.SetUIDListener: Opened admin@5e230fc6{HTTP/1.1,[http/1.1]}{0.0.0.0:8071}
[33mgrobid_1  |[0m 2022-09-26T15:46:04.438761958Z INFO  [2022-09-26 15:46:04,438] org.eclipse.jetty.server.Server: jetty-9.4.18.v20190429; built: 2019-04-29T20:42:08.989Z; git: e1bc35120a6617ee3df052294e433f3a25ce7097; jvm 1.8.0_212-b04
[33mgrobid_1  |[0m 2022-09-26T15:46:04.738705365Z WARN  [2022-09-26 15:46:04,738] org.glassfish.jersey.internal.inject.Providers: A provider org.grobid.service.exceptions.mapper.GrobidExceptionsTranslationUtility registered in SERVER runtime does not implement any provider interfaces applicable in the SERVER runtime. Due to constraint configuration problems the provider org.grobid.service.exceptions.mapper.GrobidExceptionsTranslationUtility will be ignored. 
[33mgrobid_1  |[0m 2022-09-26T15:46:05.038763297Z INFO  [2022-09-26 15:46:05,038] io.dropwizard.jersey.DropwizardResourceConfig: The following paths were found for the configured resources:
[33mgrobid_1  |[0m 2022-09-26T15:46:05.038785657Z 
[33mgrobid_1  |[0m 2022-09-26T15:46:05.038789928Z     POST    /api/annotatePDF (org.grobid.service.GrobidRestService)
[33mgrobid_1  |[0m 2022-09-26T15:46:05.038793267Z     POST    /api/citationPatentAnnotations (org.grobid.service.GrobidRestService)
[33mgrobid_1  |[0m 2022-09-26T15:46:05.038796422Z     GET     /api/grobid (org.grobid.service.GrobidRestService)
[33mgrobid_1  |[0m 2022-09-26T15:46:05.038799076Z     GET     /api/health (org.grobid.service.resources.HealthResource)
[33mgrobid_1  |[0m 2022-09-26T15:46:05.038802831Z     GET     /api/isalive (org.grobid.service.GrobidRestService)
[33mgrobid_1  |[0m 2022-09-26T15:46:05.038805497Z     POST    /api/processAffiliations (org.grobid.service.GrobidRestService)
[33mgrobid_1  |[0m 2022-09-26T15:46:05.038808041Z     PUT     /api/processAffiliations (org.grobid.service.GrobidRestService)
[33mgrobid_1  |[0m 2022-09-26T15:46:05.038810876Z     POST    /api/processCitation (org.grobid.service.GrobidRestService)
[33mgrobid_1  |[0m 2022-09-26T15:46:05.038813665Z     PUT     /api/processCitation (org.grobid.service.GrobidRestService)
[33mgrobid_1  |[0m 2022-09-26T15:46:05.038816557Z     POST    /api/processCitationNames (org.grobid.service.GrobidRestService)
[33mgrobid_1  |[0m 2022-09-26T15:46:05.038819221Z     PUT     /api/processCitationNames (org.grobid.service.GrobidRestService)
[33mgrobid_1  |[0m 2022-09-26T15:46:05.038822095Z     POST    /api/processCitationPatentPDF (org.grobid.service.GrobidRestService)
[33mgrobid_1  |[0m 2022-09-26T15:46:05.038825165Z     POST    /api/processCitationPatentST36 (org.grobid.service.GrobidRestService)
[33mgrobid_1  |[0m 2022-09-26T15:46:05.038828309Z     POST    /api/processCitationPatentTXT (org.grobid.service.GrobidRestService)
[33mgrobid_1  |[0m 2022-09-26T15:46:05.038831155Z     POST    /api/processDate (org.grobid.service.GrobidRestService)
[33mgrobid_1  |[0m 2022-09-26T15:46:05.038834487Z     PUT     /api/processDate (org.grobid.service.GrobidRestService)
[33mgrobid_1  |[0m 2022-09-26T15:46:05.038837897Z     POST    /api/processFulltextAssetDocument (org.grobid.service.GrobidRestService)
[33mgrobid_1  |[0m 2022-09-26T15:46:05.038840002Z     PUT     /api/processFulltextAssetDocument (org.grobid.service.GrobidRestService)
[33mgrobid_1  |[0m 2022-09-26T15:46:05.038842159Z     POST    /api/processFulltextDocument (org.grobid.service.GrobidRestService)
[33mgrobid_1  |[0m 2022-09-26T15:46:05.038844196Z     PUT     /api/processFulltextDocument (org.grobid.service.GrobidRestService)
[33mgrobid_1  |[0m 2022-09-26T15:46:05.038846224Z     POST    /api/processHeaderDocument (org.grobid.service.GrobidRestService)
[33mgrobid_1  |[0m 2022-09-26T15:46:05.038848252Z     PUT     /api/processHeaderDocument (org.grobid.service.GrobidRestService)
[33mgrobid_1  |[0m 2022-09-26T15:46:05.038850213Z     POST    /api/processHeaderNames (org.grobid.service.GrobidRestService)
[33mgrobid_1  |[0m 2022-09-26T15:46:05.038852201Z     PUT     /api/processHeaderNames (org.grobid.service.GrobidRestService)
[33mgrobid_1  |[0m 2022-09-26T15:46:05.038865637Z     POST    /api/processReferences (org.grobid.service.GrobidRestService)
[33mgrobid_1  |[0m 2022-09-26T15:46:05.038868601Z     PUT     /api/processReferences (org.grobid.service.GrobidRestService)
[33mgrobid_1  |[0m 2022-09-26T15:46:05.038870778Z     POST    /api/referenceAnnotations (org.grobid.service.GrobidRestService)
[33mgrobid_1  |[0m 2022-09-26T15:46:05.038872857Z     GET     /api/version (org.grobid.service.GrobidRestService)
[33mgrobid_1  |[0m 2022-09-26T15:46:05.038874906Z 
[33mgrobid_1  |[0m 2022-09-26T15:46:05.040707524Z INFO  [2022-09-26 15:46:05,040] org.eclipse.jetty.server.handler.ContextHandler: Started i.d.j.MutableServletContextHandler@795b66d{/,null,AVAILABLE}
[33mgrobid_1  |[0m 2022-09-26T15:46:05.045788902Z INFO  [2022-09-26 15:46:05,045] io.dropwizard.setup.AdminEnvironment: tasks = 
[33mgrobid_1  |[0m 2022-09-26T15:46:05.045808740Z 
[33mgrobid_1  |[0m 2022-09-26T15:46:05.045812812Z     POST    /tasks/log-level (io.dropwizard.servlets.tasks.LogConfigurationTask)
[33mgrobid_1  |[0m 2022-09-26T15:46:05.045816301Z     POST    /tasks/gc (io.dropwizard.servlets.tasks.GarbageCollectionTask)
[33mgrobid_1  |[0m 2022-09-26T15:46:05.045819770Z 
[33mgrobid_1  |[0m 2022-09-26T15:46:05.051562273Z INFO  [2022-09-26 15:46:05,051] org.eclipse.jetty.server.handler.ContextHandler: Started i.d.j.MutableServletContextHandler@569348e1{/,null,AVAILABLE}
[33mgrobid_1  |[0m 2022-09-26T15:46:05.063701498Z INFO  [2022-09-26 15:46:05,063] org.eclipse.jetty.server.AbstractConnector: Started application@12e12ac9{HTTP/1.1,[http/1.1]}{0.0.0.0:8070}
[33mgrobid_1  |[0m 2022-09-26T15:46:05.065950697Z INFO  [2022-09-26 15:46:05,065] org.eclipse.jetty.server.AbstractConnector: Started admin@5e230fc6{HTTP/1.1,[http/1.1]}{0.0.0.0:8071}
[33mgrobid_1  |[0m 2022-09-26T15:46:05.066076184Z INFO  [2022-09-26 15:46:05,065] org.eclipse.jetty.server.Server: Started @3485ms
[33mgrobid_1  |[0m 2022-09-26T16:11:13.968020757Z INFO  [2022-09-26 16:11:13,964] org.eclipse.jetty.server.AbstractConnector: Stopped application@12e12ac9{HTTP/1.1,[http/1.1]}{0.0.0.0:8070}
[33mgrobid_1  |[0m 2022-09-26T16:11:13.968089224Z INFO  [2022-09-26 16:11:13,967] org.eclipse.jetty.server.AbstractConnector: Stopped admin@5e230fc6{HTTP/1.1,[http/1.1]}{0.0.0.0:8071}
[33mgrobid_1  |[0m 2022-09-26T16:11:13.969955260Z INFO  [2022-09-26 16:11:13,969] org.eclipse.jetty.server.handler.ContextHandler: Stopped i.d.j.MutableServletContextHandler@569348e1{/,null,UNAVAILABLE}
[33mgrobid_1  |[0m 2022-09-26T16:11:13.973636583Z INFO  [2022-09-26 16:11:13,973] org.eclipse.jetty.server.handler.ContextHandler: Stopped i.d.j.MutableServletContextHandler@795b66d{/,null,UNAVAILABLE}
[33mgrobid_1  |[0m 2022-09-26T18:29:14.993855645Z 18:29:14.986 [main] INFO org.grobid.service.main.GrobidServiceApplication - Configuration file: /opt/grobid/grobid-service/config/config.yaml
[33mgrobid_1  |[0m 2022-09-26T18:29:18.012989177Z INFO  [2022-09-26 18:29:18,011] io.dropwizard.server.DefaultServerFactory: Registering jersey handler with root path prefix: /
[33mgrobid_1  |[0m 2022-09-26T18:29:18.014373848Z INFO  [2022-09-26 18:29:18,014] io.dropwizard.server.DefaultServerFactory: Registering admin handler with root path prefix: /
[33mgrobid_1  |[0m 2022-09-26T18:29:18.015084819Z INFO  [2022-09-26 18:29:18,014] io.dropwizard.assets.AssetsBundle: Registering AssetBundle with name: grobidAssets for path /*
[33mgrobid_1  |[0m 2022-09-26T18:29:18.584091506Z INFO  [2022-09-26 18:29:18,583] com.hubspot.dropwizard.guicier.DropwizardModule: Added guice injected health check: org.grobid.service.resources.HealthResource
[33mgrobid_1  |[0m 2022-09-26T18:29:18.603652716Z INFO  [2022-09-26 18:29:18,603] org.grobid.core.utilities.GrobidProperties: environment variables overrides: {}
[33mgrobid_1  |[0m 2022-09-26T18:29:18.608138610Z INFO  [2022-09-26 18:29:18,607] org.grobid.service.GrobidRestService: Initiating Servlet GrobidRestService
[33mgrobid_1  |[0m 2022-09-26T18:29:18.609871211Z INFO  [2022-09-26 18:29:18,609] org.grobid.core.main.LibraryLoader: Loading external native sequence labelling library
[33mgrobid_1  |[0m 2022-09-26T18:29:18.611416119Z INFO  [2022-09-26 18:29:18,610] org.grobid.core.main.LibraryLoader: Loading Wapiti native library...
[33mgrobid_1  |[0m 2022-09-26T18:29:18.613164836Z INFO  [2022-09-26 18:29:18,612] org.grobid.core.main.LibraryLoader: Native library for sequence labelling loaded
[33mgrobid_1  |[0m 2022-09-26T18:29:18.617654832Z INFO  [2022-09-26 18:29:18,617] org.grobid.core.lexicon.Lexicon: Initiating dictionary
[33mgrobid_1  |[0m 2022-09-26T18:29:18.617876650Z INFO  [2022-09-26 18:29:18,617] org.grobid.core.lexicon.Lexicon: End of Initialization of dictionary
[33mgrobid_1  |[0m 2022-09-26T18:29:18.617963904Z INFO  [2022-09-26 18:29:18,617] org.grobid.core.lexicon.Lexicon: Initiating names
[33mgrobid_1  |[0m 2022-09-26T18:29:18.617978292Z INFO  [2022-09-26 18:29:18,617] org.grobid.core.lexicon.Lexicon: End of initialization of names
[33mgrobid_1  |[0m 2022-09-26T18:29:19.866405877Z INFO  [2022-09-26 18:29:19,865] org.grobid.core.lexicon.Lexicon: Initiating country codes
[33mgrobid_1  |[0m 2022-09-26T18:29:19.866505176Z INFO  [2022-09-26 18:29:19,866] org.grobid.core.lexicon.Lexicon: End of initialization of country codes
[33mgrobid_1  |[0m 2022-09-26T18:29:20.038977093Z INFO  [2022-09-26 18:29:20,038] org.grobid.core.factory.GrobidPoolingFactory: Number of Engines in pool active/max: 1/10
[33mgrobid_1  |[0m 2022-09-26T18:29:20.039005284Z INFO  [2022-09-26 18:29:20,038] org.grobid.service.GrobidRestService: Initiating of Servlet GrobidRestService finished.
[34mweb_1     |[0m 2022-09-29T12:07:15.162990529Z INFO:     Started server process [1]
[34mweb_1     |[0m 2022-09-29T12:07:15.163032012Z INFO:     Waiting for application startup.
[34mweb_1     |[0m 2022-09-29T12:07:15.163118488Z INFO:     Application startup complete.
[34mweb_1     |[0m 2022-09-29T12:07:15.163747768Z INFO:     Uvicorn running on http://0.0.0.0:8000 (Press CTRL+C to quit)
[34mweb_1     |[0m 2022-09-29T12:07:38.449868384Z INFO:     Shutting down
[34mweb_1     |[0m 2022-09-29T12:07:38.551489401Z INFO:     Waiting for application shutdown.
[34mweb_1     |[0m 2022-09-29T12:07:38.552054505Z INFO:     Application shutdown complete.
[34mweb_1     |[0m 2022-09-29T12:07:38.552560807Z INFO:     Finished server process [1]
[34mweb_1     |[0m 2022-09-29T12:33:17.909891916Z INFO:     Started server process [1]
[34mweb_1     |[0m 2022-09-29T12:33:17.909926441Z INFO:     Waiting for application startup.
[34mweb_1     |[0m 2022-09-29T12:33:17.922434273Z INFO:     Application startup complete.
[34mweb_1     |[0m 2022-09-29T12:33:17.923013764Z INFO:     Uvicorn running on http://0.0.0.0:8000 (Press CTRL+C to quit)
[34mweb_1     |[0m 2022-09-29T12:33:33.150633447Z INFO:     172.18.0.1:48450 - "GET / HTTP/1.1" 200 OK
[34mweb_1     |[0m 2022-09-29T12:33:33.812797443Z INFO:     172.18.0.1:48450 - "GET /favicon.ico HTTP/1.1" 404 Not Found
[34mweb_1     |[0m 2022-09-29T12:33:37.025316275Z INFO:     172.18.0.1:48450 - "GET /ui HTTP/1.1" 200 OK
[34mweb_1     |[0m 2022-09-29T12:33:37.068453236Z INFO:     172.18.0.1:48450 - "GET /static/js/2.308f8ad7.chunk.js HTTP/1.1" 200 OK
[34mweb_1     |[0m 2022-09-29T12:33:37.069419022Z INFO:     172.18.0.1:48466 - "GET /static/js/main.e82c8351.chunk.js HTTP/1.1" 200 OK
[34mweb_1     |[0m 2022-09-29T12:33:37.146139940Z INFO:     ('172.18.0.1', 48468) - "WebSocket /ws" [accepted]
[34mweb_1     |[0m 2022-09-29T12:33:43.956366192Z INFO:     ('172.18.0.1', 38156) - "WebSocket /ws" [accepted]
[34mweb_1     |[0m 2022-09-29T12:33:47.673556855Z INFO:     ('172.18.0.1', 38158) - "WebSocket /ws" [accepted]
[34mweb_1     |[0m 2022-09-29T12:33:47.729267379Z INFO:     172.18.0.1:38168 - "POST /submit HTTP/1.1" 500 Internal Server Error
[34mweb_1     |[0m 2022-09-29T12:33:47.733948006Z ERROR:    Exception in ASGI application
[34mweb_1     |[0m 2022-09-29T12:33:47.733977020Z Traceback (most recent call last):
[34mweb_1     |[0m 2022-09-29T12:33:47.733983294Z   File "/usr/local/lib/python3.7/site-packages/uvicorn/protocols/http/httptools_impl.py", line 396, in run_asgi
[34mweb_1     |[0m 2022-09-29T12:33:47.733988052Z     result = await app(self.scope, self.receive, self.send)
[34mweb_1     |[0m 2022-09-29T12:33:47.733992044Z   File "/usr/local/lib/python3.7/site-packages/uvicorn/middleware/proxy_headers.py", line 45, in __call__
[34mweb_1     |[0m 2022-09-29T12:33:47.733996039Z     return await self.app(scope, receive, send)
[34mweb_1     |[0m 2022-09-29T12:33:47.733999454Z   File "/usr/local/lib/python3.7/site-packages/fastapi/applications.py", line 199, in __call__
[34mweb_1     |[0m 2022-09-29T12:33:47.734003482Z     await super().__call__(scope, receive, send)
[34mweb_1     |[0m 2022-09-29T12:33:47.734007440Z   File "/usr/local/lib/python3.7/site-packages/starlette/applications.py", line 111, in __call__
[34mweb_1     |[0m 2022-09-29T12:33:47.734011915Z     await self.middleware_stack(scope, receive, send)
[34mweb_1     |[0m 2022-09-29T12:33:47.734015955Z   File "/usr/local/lib/python3.7/site-packages/starlette/middleware/errors.py", line 181, in __call__
[34mweb_1     |[0m 2022-09-29T12:33:47.734032890Z     raise exc from None
[34mweb_1     |[0m 2022-09-29T12:33:47.734036492Z   File "/usr/local/lib/python3.7/site-packages/starlette/middleware/errors.py", line 159, in __call__
[34mweb_1     |[0m 2022-09-29T12:33:47.734039112Z     await self.app(scope, receive, _send)
[34mweb_1     |[0m 2022-09-29T12:33:47.734041599Z   File "/usr/local/lib/python3.7/site-packages/starlette/middleware/cors.py", line 86, in __call__
[34mweb_1     |[0m 2022-09-29T12:33:47.734044195Z     await self.simple_response(scope, receive, send, request_headers=headers)
[34mweb_1     |[0m 2022-09-29T12:33:47.734046763Z   File "/usr/local/lib/python3.7/site-packages/starlette/middleware/cors.py", line 142, in simple_response
[34mweb_1     |[0m 2022-09-29T12:33:47.734049564Z     await self.app(scope, receive, send)
[34mweb_1     |[0m 2022-09-29T12:33:47.734052047Z   File "/usr/local/lib/python3.7/site-packages/starlette/exceptions.py", line 82, in __call__
[34mweb_1     |[0m 2022-09-29T12:33:47.734054703Z     raise exc from None
[34mweb_1     |[0m 2022-09-29T12:33:47.734057181Z   File "/usr/local/lib/python3.7/site-packages/starlette/exceptions.py", line 71, in __call__
[34mweb_1     |[0m 2022-09-29T12:33:47.734059718Z     await self.app(scope, receive, sender)
[34mweb_1     |[0m 2022-09-29T12:33:47.734062119Z   File "/usr/local/lib/python3.7/site-packages/starlette/routing.py", line 566, in __call__
[34mweb_1     |[0m 2022-09-29T12:33:47.734064676Z     await route.handle(scope, receive, send)
[34mweb_1     |[0m 2022-09-29T12:33:47.734067076Z   File "/usr/local/lib/python3.7/site-packages/starlette/routing.py", line 227, in handle
[34mweb_1     |[0m 2022-09-29T12:33:47.734069899Z     await self.app(scope, receive, send)
[34mweb_1     |[0m 2022-09-29T12:33:47.734072338Z   File "/usr/local/lib/python3.7/site-packages/starlette/routing.py", line 41, in app
[34mweb_1     |[0m 2022-09-29T12:33:47.734074981Z     response = await func(request)
[34mweb_1     |[0m 2022-09-29T12:33:47.734077352Z   File "/usr/local/lib/python3.7/site-packages/fastapi/routing.py", line 202, in app
[34mweb_1     |[0m 2022-09-29T12:33:47.734081001Z     dependant=dependant, values=values, is_coroutine=is_coroutine
[34mweb_1     |[0m 2022-09-29T12:33:47.734083529Z   File "/usr/local/lib/python3.7/site-packages/fastapi/routing.py", line 150, in run_endpoint_function
[34mweb_1     |[0m 2022-09-29T12:33:47.734086160Z     return await run_in_threadpool(dependant.call, **values)
[34mweb_1     |[0m 2022-09-29T12:33:47.734088656Z   File "/usr/local/lib/python3.7/site-packages/starlette/concurrency.py", line 34, in run_in_threadpool
[34mweb_1     |[0m 2022-09-29T12:33:47.734091496Z     return await loop.run_in_executor(None, func, *args)
[34mweb_1     |[0m 2022-09-29T12:33:47.734094048Z   File "/usr/local/lib/python3.7/concurrent/futures/thread.py", line 57, in run
[34mweb_1     |[0m 2022-09-29T12:33:47.734096637Z     result = self.fn(*self.args, **self.kwargs)
[34mweb_1     |[0m 2022-09-29T12:33:47.734099081Z   File "./sapienta/api/__init__.py", line 166, in process
[34mweb_1     |[0m 2022-09-29T12:33:47.734101672Z     mc.put_object(os.environ.get("MINIO_BUCKET"), key, file.file, len(content), file.content_type)
[34mweb_1     |[0m 2022-09-29T12:33:47.734104378Z   File "/usr/local/lib/python3.7/site-packages/minio/api.py", line 1792, in put_object
[34mweb_1     |[0m 2022-09-29T12:33:47.734106961Z     raise exc
[34mweb_1     |[0m 2022-09-29T12:33:47.734112502Z   File "/usr/local/lib/python3.7/site-packages/minio/api.py", line 1747, in put_object
[34mweb_1     |[0m 2022-09-29T12:33:47.734115307Z     bucket_name, object_name, part_data, headers,
[34mweb_1     |[0m 2022-09-29T12:33:47.734117783Z   File "/usr/local/lib/python3.7/site-packages/minio/api.py", line 1610, in _put_object
[34mweb_1     |[0m 2022-09-29T12:33:47.734120409Z     query_params=query_params,
[34mweb_1     |[0m 2022-09-29T12:33:47.734122884Z   File "/usr/local/lib/python3.7/site-packages/minio/api.py", line 398, in _execute
[34mweb_1     |[0m 2022-09-29T12:33:47.734125384Z     region = self._get_region(bucket_name, None)
[34mweb_1     |[0m 2022-09-29T12:33:47.734127787Z   File "/usr/local/lib/python3.7/site-packages/minio/api.py", line 468, in _get_region
[34mweb_1     |[0m 2022-09-29T12:33:47.734130336Z     query_params={"location": ""},
[34mweb_1     |[0m 2022-09-29T12:33:47.734132992Z   File "/usr/local/lib/python3.7/site-packages/minio/api.py", line 385, in _url_open
[34mweb_1     |[0m 2022-09-29T12:33:47.734135867Z     raise response_error
[34mweb_1     |[0m 2022-09-29T12:33:47.734138452Z minio.error.S3Error: S3 operation failed; code: InvalidAccessKeyId, message: The Access Key Id you provided does not exist in our records., resource: /sapienta, request_id: 171954D8DF457578, host_id: 258c47be-215e-4ffb-aa75-0e511f50c814, bucket_name: sapienta
[34mweb_1     |[0m 2022-09-29T12:33:47.741442306Z INFO:     ('172.18.0.1', 38178) - "WebSocket /ws" [accepted]
[34mweb_1     |[0m 2022-09-29T12:36:12.503684789Z Socket disconnected... unsubscribing from jobs
[34mweb_1     |[0m 2022-09-29T12:36:12.503740924Z Socket disconnected... unsubscribing from jobs
[34mweb_1     |[0m 2022-09-29T12:36:12.503747540Z Socket disconnected... unsubscribing from jobs
[34mweb_1     |[0m 2022-09-29T12:36:12.503750896Z Socket disconnected... unsubscribing from jobs
[34mweb_1     |[0m 2022-09-29T12:36:12.503754058Z INFO:     172.18.0.1:59474 - "GET / HTTP/1.1" 200 OK
[34mweb_1     |[0m 2022-09-29T12:36:14.748589836Z INFO:     172.18.0.1:59474 - "GET /ui HTTP/1.1" 200 OK
[34mweb_1     |[0m 2022-09-29T12:36:14.863142370Z INFO:     ('172.18.0.1', 59478) - "WebSocket /ws" [accepted]
[34mweb_1     |[0m 2022-09-29T12:36:21.665630544Z INFO:     ('172.18.0.1', 37862) - "WebSocket /ws" [accepted]
[34mweb_1     |[0m 2022-09-29T12:36:30.415028913Z INFO:     ('172.18.0.1', 40222) - "WebSocket /ws" [accepted]
[34mweb_1     |[0m 2022-09-29T12:36:30.454660037Z INFO:     172.18.0.1:40228 - "POST /submit HTTP/1.1" 500 Internal Server Error
[34mweb_1     |[0m 2022-09-29T12:36:30.455295366Z ERROR:    Exception in ASGI application
[34mweb_1     |[0m 2022-09-29T12:36:30.455312169Z Traceback (most recent call last):
[34mweb_1     |[0m 2022-09-29T12:36:30.455316789Z   File "/usr/local/lib/python3.7/site-packages/uvicorn/protocols/http/httptools_impl.py", line 396, in run_asgi
[34mweb_1     |[0m 2022-09-29T12:36:30.455321046Z     result = await app(self.scope, self.receive, self.send)
[34mweb_1     |[0m 2022-09-29T12:36:30.455324917Z   File "/usr/local/lib/python3.7/site-packages/uvicorn/middleware/proxy_headers.py", line 45, in __call__
[36;1mworker_1  |[0m 2022-09-29T12:07:18.127996039Z [2022-09-29 12:07:18,126] [PID 1] [MainThread] [dramatiq.MainProcess] [INFO] Dramatiq '1.10.0' is booting up.
[36;1mworker_1  |[0m 2022-09-29T12:07:18.128045401Z [2022-09-29 12:07:18,125] [PID 7] [MainThread] [dramatiq.WorkerProcess(0)] [INFO] Worker process is ready for action.
[36;1mworker_1  |[0m 2022-09-29T12:07:18.128054869Z [2022-09-29 12:07:18,125] [PID 8] [MainThread] [dramatiq.WorkerProcess(1)] [INFO] Worker process is ready for action.
[36;1mworker_1  |[0m 2022-09-29T12:07:18.128091018Z [2022-09-29 12:07:18,123] [PID 9] [MainThread] [dramatiq.WorkerProcess(2)] [INFO] Worker process is ready for action.
[36;1mworker_1  |[0m 2022-09-29T12:07:18.128123838Z [2022-09-29 12:07:18,125] [PID 10] [MainThread] [dramatiq.WorkerProcess(3)] [INFO] Worker process is ready for action.
[36;1mworker_1  |[0m 2022-09-29T12:07:18.128162966Z [2022-09-29 12:07:18,124] [PID 11] [MainThread] [dramatiq.WorkerProcess(4)] [INFO] Worker process is ready for action.
[36;1mworker_1  |[0m 2022-09-29T12:07:18.128221465Z [2022-09-29 12:07:18,125] [PID 12] [MainThread] [dramatiq.WorkerProcess(5)] [INFO] Worker process is ready for action.
[36;1mworker_1  |[0m 2022-09-29T12:07:18.128291198Z [2022-09-29 12:07:18,124] [PID 13] [MainThread] [dramatiq.WorkerProcess(6)] [INFO] Worker process is ready for action.
[36;1mworker_1  |[0m 2022-09-29T12:07:18.128337434Z [2022-09-29 12:07:18,123] [PID 14] [MainThread] [dramatiq.WorkerProcess(7)] [INFO] Worker process is ready for action.
[36;1mworker_1  |[0m 2022-09-29T12:07:18.128437277Z [2022-09-29 12:07:18,127] [PID 63] [MainThread] [dramatiq.ForkProcess(0)] [INFO] Fork process 'dramatiq.middleware.prometheus:_run_exposition_server' is ready for action.
[36;1mworker_1  |[0m 2022-09-29T12:07:38.381836216Z [2022-09-29 12:07:38,378] [PID 1] [MainThread] [dramatiq.MainProcess] [INFO] Sending signal 15 to subprocesses...
[36;1mworker_1  |[0m 2022-09-29T12:07:38.381996948Z [2022-09-29 12:07:38,379] [PID 7] [MainThread] [dramatiq.WorkerProcess(0)] [INFO] Stopping worker process...
[36;1mworker_1  |[0m 2022-09-29T12:07:38.382055102Z [2022-09-29 12:07:38,379] [PID 8] [MainThread] [dramatiq.WorkerProcess(1)] [INFO] Stopping worker process...
[36;1mworker_1  |[0m 2022-09-29T12:07:38.382133607Z [2022-09-29 12:07:38,379] [PID 9] [MainThread] [dramatiq.WorkerProcess(2)] [INFO] Stopping worker process...
[36;1mworker_1  |[0m 2022-09-29T12:07:38.382193608Z [2022-09-29 12:07:38,381] [PID 10] [MainThread] [dramatiq.WorkerProcess(3)] [INFO] Stopping worker process...
[36;1mworker_1  |[0m 2022-09-29T12:07:38.382631117Z [2022-09-29 12:07:38,381] [PID 11] [MainThread] [dramatiq.WorkerProcess(4)] [INFO] Stopping worker process...
[36;1mworker_1  |[0m 2022-09-29T12:07:38.382671503Z [2022-09-29 12:07:38,381] [PID 12] [MainThread] [dramatiq.WorkerProcess(5)] [INFO] Stopping worker process...
[36;1mworker_1  |[0m 2022-09-29T12:07:38.382688782Z [2022-09-29 12:07:38,381] [PID 13] [MainThread] [dramatiq.WorkerProcess(6)] [INFO] Stopping worker process...
[36;1mworker_1  |[0m 2022-09-29T12:07:38.382700239Z [2022-09-29 12:07:38,379] [PID 14] [MainThread] [dramatiq.WorkerProcess(7)] [INFO] Stopping worker process...
[36;1mworker_1  |[0m 2022-09-29T12:07:38.382706713Z [2022-09-29 12:07:38,379] [PID 63] [MainThread] [dramatiq.ForkProcess(0)] [INFO] Stopping fork process...
[36;1mworker_1  |[0m 2022-09-29T12:07:38.430097123Z [2022-09-29 12:07:38,429] [PID 8] [Thread-3] [dramatiq.worker.ConsumerThread(default.DQ)] [CRITICAL] Consumer encountered a connection error: Error while reading from socket: (104, 'Connection reset by peer')
[36;1mworker_1  |[0m 2022-09-29T12:07:38.430127938Z [2022-09-29 12:07:38,429] [PID 10] [Thread-2] [dramatiq.worker.ConsumerThread(default)] [CRITICAL] Consumer encountered a connection error: Error while reading from socket: (104, 'Connection reset by peer')
[36;1mworker_1  |[0m 2022-09-29T12:07:38.430146077Z [2022-09-29 12:07:38,429] [PID 10] [Thread-2] [dramatiq.worker.ConsumerThread(default)] [INFO] Restarting consumer in 3.00 seconds.
[36;1mworker_1  |[0m 2022-09-29T12:07:38.430152295Z [2022-09-29 12:07:38,429] [PID 8] [Thread-3] [dramatiq.worker.ConsumerThread(default.DQ)] [INFO] Restarting consumer in 3.00 seconds.
[36;1mworker_1  |[0m 2022-09-29T12:07:38.442478725Z [2022-09-29 12:07:38,442] [PID 9] [Thread-2] [dramatiq.worker.ConsumerThread(default)] [CRITICAL] Consumer encountered a connection error: Error 111 connecting to redis:6379. Connection refused.
[36;1mworker_1  |[0m 2022-09-29T12:07:38.443064091Z [2022-09-29 12:07:38,442] [PID 9] [Thread-2] [dramatiq.worker.ConsumerThread(default)] [INFO] Restarting consumer in 3.00 seconds.
[36;1mworker_1  |[0m 2022-09-29T12:07:38.447379724Z [2022-09-29 12:07:38,446] [PID 13] [Thread-3] [dramatiq.worker.ConsumerThread(default.DQ)] [CRITICAL] Consumer encountered a connection error: Error 111 connecting to redis:6379. Connection refused.
[36;1mworker_1  |[0m 2022-09-29T12:07:38.447584950Z [2022-09-29 12:07:38,447] [PID 13] [Thread-3] [dramatiq.worker.ConsumerThread(default.DQ)] [INFO] Restarting consumer in 3.00 seconds.
[36;1mworker_1  |[0m 2022-09-29T12:07:38.780578054Z [2022-09-29 12:07:38,778] [PID 7] [Thread-2] [dramatiq.worker.ConsumerThread(default)] [CRITICAL] Consumer encountered a connection error: Error -3 connecting to redis:6379. Temporary failure in name resolution.
[36;1mworker_1  |[0m 2022-09-29T12:07:38.781007985Z [2022-09-29 12:07:38,780] [PID 7] [Thread-2] [dramatiq.worker.ConsumerThread(default)] [INFO] Restarting consumer in 3.00 seconds.
[36;1mworker_1  |[0m 2022-09-29T12:07:38.806337720Z [2022-09-29 12:07:38,805] [PID 12] [Thread-3] [dramatiq.worker.ConsumerThread(default.DQ)] [CRITICAL] Consumer encountered a connection error: Error -3 connecting to redis:6379. Temporary failure in name resolution.
[36;1mworker_1  |[0m 2022-09-29T12:07:38.806706914Z [2022-09-29 12:07:38,805] [PID 12] [Thread-3] [dramatiq.worker.ConsumerThread(default.DQ)] [INFO] Restarting consumer in 3.00 seconds.
[36;1mworker_1  |[0m 2022-09-29T12:07:38.875958261Z [2022-09-29 12:07:38,875] [PID 13] [Thread-2] [dramatiq.worker.ConsumerThread(default)] [CRITICAL] Consumer encountered a connection error: Error -3 connecting to redis:6379. Temporary failure in name resolution.
[36;1mworker_1  |[0m 2022-09-29T12:07:38.876000743Z [2022-09-29 12:07:38,875] [PID 13] [Thread-2] [dramatiq.worker.ConsumerThread(default)] [INFO] Restarting consumer in 3.00 seconds.
[36;1mworker_1  |[0m 2022-09-29T12:07:38.995324125Z [2022-09-29 12:07:38,993] [PID 14] [Thread-2] [dramatiq.worker.ConsumerThread(default)] [CRITICAL] Consumer encountered a connection error: Error -3 connecting to redis:6379. Temporary failure in name resolution.
[36;1mworker_1  |[0m 2022-09-29T12:07:38.995531907Z [2022-09-29 12:07:38,994] [PID 14] [Thread-2] [dramatiq.worker.ConsumerThread(default)] [INFO] Restarting consumer in 3.00 seconds.
[36;1mworker_1  |[0m 2022-09-29T12:07:39.009263380Z [2022-09-29 12:07:39,008] [PID 14] [Thread-3] [dramatiq.worker.ConsumerThread(default.DQ)] [CRITICAL] Consumer encountered a connection error: Error -3 connecting to redis:6379. Temporary failure in name resolution.
[36;1mworker_1  |[0m 2022-09-29T12:07:39.009355238Z [2022-09-29 12:07:39,008] [PID 14] [Thread-3] [dramatiq.worker.ConsumerThread(default.DQ)] [INFO] Restarting consumer in 3.00 seconds.
[36;1mworker_1  |[0m 2022-09-29T12:07:39.143702994Z [2022-09-29 12:07:39,142] [PID 14] [MainThread] [dramatiq.worker.Worker] [INFO] Shutting down...
[36;1mworker_1  |[0m 2022-09-29T12:07:39.144661188Z [2022-09-29 12:07:39,143] [PID 9] [MainThread] [dramatiq.worker.Worker] [INFO] Shutting down...
[36;1mworker_1  |[0m 2022-09-29T12:07:39.144759681Z [2022-09-29 12:07:39,142] [PID 11] [MainThread] [dramatiq.worker.Worker] [INFO] Shutting down...
[36;1mworker_1  |[0m 2022-09-29T12:07:39.145453517Z [2022-09-29 12:07:39,142] [PID 12] [MainThread] [dramatiq.worker.Worker] [INFO] Shutting down...
[36;1mworker_1  |[0m 2022-09-29T12:07:39.145749638Z [2022-09-29 12:07:39,144] [PID 7] [MainThread] [dramatiq.worker.Worker] [INFO] Shutting down...
[36;1mworker_1  |[0m 2022-09-29T12:07:39.146631697Z [2022-09-29 12:07:39,143] [PID 8] [MainThread] [dramatiq.worker.Worker] [INFO] Shutting down...
[36;1mworker_1  |[0m 2022-09-29T12:07:39.146721946Z [2022-09-29 12:07:39,143] [PID 13] [MainThread] [dramatiq.worker.Worker] [INFO] Shutting down...
[36;1mworker_1  |[0m 2022-09-29T12:07:39.146959179Z [2022-09-29 12:07:39,144] [PID 10] [MainThread] [dramatiq.worker.Worker] [INFO] Shutting down...
[36;1mworker_1  |[0m 2022-09-29T12:07:39.154916236Z [2022-09-29 12:07:39,154] [PID 10] [Thread-3] [dramatiq.worker.ConsumerThread(default.DQ)] [CRITICAL] Consumer encountered a connection error: Error -3 connecting to redis:6379. Temporary failure in name resolution.
[36;1mworker_1  |[0m 2022-09-29T12:07:39.155004307Z [2022-09-29 12:07:39,154] [PID 10] [Thread-3] [dramatiq.worker.ConsumerThread(default.DQ)] [INFO] Restarting consumer in 3.00 seconds.
[36;1mworker_1  |[0m 2022-09-29T12:07:39.245740628Z [2022-09-29 12:07:39,244] [PID 11] [Thread-2] [dramatiq.worker.ConsumerThread(default)] [CRITICAL] Consumer encountered a connection error: Error -3 connecting to redis:6379. Temporary failure in name resolution.
[36;1mworker_1  |[0m 2022-09-29T12:07:39.246225344Z [2022-09-29 12:07:39,245] [PID 11] [Thread-2] [dramatiq.worker.ConsumerThread(default)] [INFO] Restarting consumer in 3.00 seconds.
[36;1mworker_1  |[0m 2022-09-29T12:07:39.377496015Z [2022-09-29 12:07:39,376] [PID 12] [Thread-2] [dramatiq.worker.ConsumerThread(default)] [CRITICAL] Consumer encountered a connection error: Error -3 connecting to redis:6379. Temporary failure in name resolution.
[36;1mworker_1  |[0m 2022-09-29T12:07:39.377597472Z [2022-09-29 12:07:39,376] [PID 12] [Thread-2] [dramatiq.worker.ConsumerThread(default)] [INFO] Restarting consumer in 3.00 seconds.
[36;1mworker_1  |[0m 2022-09-29T12:07:41.882972997Z [2022-09-29 12:07:41,881] [PID 13] [MainThread] [dramatiq.worker.Worker] [INFO] Worker has been shut down.
[36;1mworker_1  |[0m 2022-09-29T12:07:42.012813997Z [2022-09-29 12:07:42,011] [PID 14] [MainThread] [dramatiq.worker.Worker] [INFO] Worker has been shut down.
[36;1mworker_1  |[0m 2022-09-29T12:07:42.161785504Z [2022-09-29 12:07:42,160] [PID 10] [MainThread] [dramatiq.worker.Worker] [INFO] Worker has been shut down.
[36;1mworker_1  |[0m 2022-09-29T12:07:42.384394549Z [2022-09-29 12:07:42,383] [PID 12] [MainThread] [dramatiq.worker.Worker] [INFO] Worker has been shut down.
[36;1mworker_1  |[0m 2022-09-29T12:33:17.794986198Z [2022-09-29 12:33:17,793] [PID 1] [MainThread] [dramatiq.MainProcess] [INFO] Dramatiq '1.10.0' is booting up.
[36;1mworker_1  |[0m 2022-09-29T12:33:17.795175876Z [2022-09-29 12:33:17,787] [PID 8] [MainThread] [dramatiq.WorkerProcess(0)] [INFO] Worker process is ready for action.
[36;1mworker_1  |[0m 2022-09-29T12:33:17.795212985Z [2022-09-29 12:33:17,782] [PID 9] [MainThread] [dramatiq.WorkerProcess(1)] [INFO] Worker process is ready for action.
[36;1mworker_1  |[0m 2022-09-29T12:33:17.795273366Z [2022-09-29 12:33:17,788] [PID 10] [MainThread] [dramatiq.WorkerProcess(2)] [INFO] Worker process is ready for action.
[36;1mworker_1  |[0m 2022-09-29T12:33:17.795313602Z [2022-09-29 12:33:17,785] [PID 11] [MainThread] [dramatiq.WorkerProcess(3)] [INFO] Worker process is ready for action.
[36;1mworker_1  |[0m 2022-09-29T12:33:17.795367665Z [2022-09-29 12:33:17,749] [PID 12] [MainThread] [dramatiq.WorkerProcess(4)] [INFO] Worker process is ready for action.
[36;1mworker_1  |[0m 2022-09-29T12:33:17.795410575Z [2022-09-29 12:33:17,792] [PID 13] [MainThread] [dramatiq.WorkerProcess(5)] [INFO] Worker process is ready for action.
[36;1mworker_1  |[0m 2022-09-29T12:33:17.795458770Z [2022-09-29 12:33:17,747] [PID 14] [MainThread] [dramatiq.WorkerProcess(6)] [INFO] Worker process is ready for action.
[36;1mworker_1  |[0m 2022-09-29T12:33:17.795502374Z [2022-09-29 12:33:17,747] [PID 15] [MainThread] [dramatiq.WorkerProcess(7)] [INFO] Worker process is ready for action.
[36;1mworker_1  |[0m 2022-09-29T12:33:17.795623183Z [2022-09-29 12:33:17,794] [PID 64] [MainThread] [dramatiq.ForkProcess(0)] [INFO] Fork process 'dramatiq.middleware.prometheus:_run_exposition_server' is ready for action.
[36;1mworker_1  |[0m 2022-09-29T13:00:42.451069921Z [2022-09-29 13:00:42,449] [PID 1] [MainThread] [dramatiq.MainProcess] [INFO] Sending signal 15 to subprocesses...
[36;1mworker_1  |[0m 2022-09-29T13:00:42.451331402Z [2022-09-29 13:00:42,450] [PID 8] [MainThread] [dramatiq.WorkerProcess(0)] [INFO] Stopping worker process...
[36;1mworker_1  |[0m 2022-09-29T13:00:42.451346175Z [2022-09-29 13:00:42,450] [PID 9] [MainThread] [dramatiq.WorkerProcess(1)] [INFO] Stopping worker process...
[36;1mworker_1  |[0m 2022-09-29T13:00:42.451350343Z [2022-09-29 13:00:42,450] [PID 10] [MainThread] [dramatiq.WorkerProcess(2)] [INFO] Stopping worker process...
[36;1mworker_1  |[0m 2022-09-29T13:00:42.451496502Z [2022-09-29 13:00:42,450] [PID 11] [MainThread] [dramatiq.WorkerProcess(3)] [INFO] Stopping worker process...
[36;1mworker_1  |[0m 2022-09-29T13:00:42.451505915Z [2022-09-29 13:00:42,450] [PID 14] [MainThread] [dramatiq.WorkerProcess(6)] [INFO] Stopping worker process...
[36;1mworker_1  |[0m 2022-09-29T13:00:42.451524349Z [2022-09-29 13:00:42,450] [PID 64] [MainThread] [dramatiq.ForkProcess(0)] [INFO] Stopping fork process...
[36;1mworker_1  |[0m 2022-09-29T13:00:42.452098880Z [2022-09-29 13:00:42,451] [PID 12] [MainThread] [dramatiq.WorkerProcess(4)] [INFO] Stopping worker process...
[36;1mworker_1  |[0m 2022-09-29T13:00:42.452914494Z [2022-09-29 13:00:42,452] [PID 15] [MainThread] [dramatiq.WorkerProcess(7)] [INFO] Stopping worker process...
[36;1mworker_1  |[0m 2022-09-29T13:00:42.453053552Z [2022-09-29 13:00:42,452] [PID 13] [MainThread] [dramatiq.WorkerProcess(5)] [INFO] Stopping worker process...
[36;1mworker_1  |[0m 2022-09-29T13:00:42.454768191Z [2022-09-29 13:00:42,454] [PID 8] [Thread-2] [dramatiq.worker.ConsumerThread(default)] [CRITICAL] Consumer encountered a connection error: Error 111 connecting to redis:6379. Connection refused.
[36;1mworker_1  |[0m 2022-09-29T13:00:42.454894747Z [2022-09-29 13:00:42,454] [PID 8] [Thread-2] [dramatiq.worker.ConsumerThread(default)] [INFO] Restarting consumer in 3.00 seconds.
[36;1mworker_1  |[0m 2022-09-29T13:00:42.467864707Z [2022-09-29 13:00:42,467] [PID 11] [Thread-3] [dramatiq.worker.ConsumerThread(default.DQ)] [CRITICAL] Consumer encountered a connection error: Error 111 connecting to redis:6379. Connection refused.
[36;1mworker_1  |[0m 2022-09-29T13:00:42.467988013Z [2022-09-29 13:00:42,467] [PID 11] [Thread-3] [dramatiq.worker.ConsumerThread(default.DQ)] [INFO] Restarting consumer in 3.00 seconds.
[36;1mworker_1  |[0m 2022-09-29T13:00:42.743688723Z [2022-09-29 13:00:42,739] [PID 11] [Thread-2] [dramatiq.worker.ConsumerThread(default)] [CRITICAL] Consumer encountered a connection error: Error -3 connecting to redis:6379. Temporary failure in name resolution.
[36;1mworker_1  |[0m 2022-09-29T13:00:42.743735939Z [2022-09-29 13:00:42,740] [PID 11] [Thread-2] [dramatiq.worker.ConsumerThread(default)] [INFO] Restarting consumer in 3.00 seconds.
[36;1mworker_1  |[0m 2022-09-29T13:00:42.743941073Z [2022-09-29 13:00:42,740] [PID 15] [Thread-2] [dramatiq.worker.ConsumerThread(default)] [CRITICAL] Consumer encountered a connection error: Error -3 connecting to redis:6379. Temporary failure in name resolution.
[36;1mworker_1  |[0m 2022-09-29T13:00:42.743951145Z [2022-09-29 13:00:42,740] [PID 15] [Thread-2] [dramatiq.worker.ConsumerThread(default)] [INFO] Restarting consumer in 3.00 seconds.
[36;1mworker_1  |[0m 2022-09-29T13:00:42.852287620Z [2022-09-29 13:00:42,850] [PID 14] [Thread-2] [dramatiq.worker.ConsumerThread(default)] [CRITICAL] Consumer encountered a connection error: Error -3 connecting to redis:6379. Temporary failure in name resolution.
[36;1mworker_1  |[0m 2022-09-29T13:00:42.852318553Z [2022-09-29 13:00:42,851] [PID 14] [Thread-2] [dramatiq.worker.ConsumerThread(default)] [INFO] Restarting consumer in 3.00 seconds.
[36;1mworker_1  |[0m 2022-09-29T13:00:42.863871504Z [2022-09-29 13:00:42,863] [PID 12] [Thread-2] [dramatiq.worker.ConsumerThread(default)] [CRITICAL] Consumer encountered a connection error: Error -3 connecting to redis:6379. Temporary failure in name resolution.
[36;1mworker_1  |[0m 2022-09-29T13:00:42.864003959Z [2022-09-29 13:00:42,863] [PID 12] [Thread-2] [dramatiq.worker.ConsumerThread(default)] [INFO] Restarting consumer in 3.00 seconds.
[34mweb_1     |[0m 2022-09-29T12:36:30.455329005Z     return await self.app(scope, receive, send)
[34mweb_1     |[0m 2022-09-29T12:36:30.455331889Z   File "/usr/local/lib/python3.7/site-packages/fastapi/applications.py", line 199, in __call__
[34mweb_1     |[0m 2022-09-29T12:36:30.455354411Z     await super().__call__(scope, receive, send)
[34mweb_1     |[0m 2022-09-29T12:36:30.455358873Z   File "/usr/local/lib/python3.7/site-packages/starlette/applications.py", line 111, in __call__
[34mweb_1     |[0m 2022-09-29T12:36:30.455362769Z     await self.middleware_stack(scope, receive, send)
[34mweb_1     |[0m 2022-09-29T12:36:30.455366414Z   File "/usr/local/lib/python3.7/site-packages/starlette/middleware/errors.py", line 181, in __call__
[34mweb_1     |[0m 2022-09-29T12:36:30.455369616Z     raise exc from None
[34mweb_1     |[0m 2022-09-29T12:36:30.455372729Z   File "/usr/local/lib/python3.7/site-packages/starlette/middleware/errors.py", line 159, in __call__
[34mweb_1     |[0m 2022-09-29T12:36:30.455376524Z     await self.app(scope, receive, _send)
[34mweb_1     |[0m 2022-09-29T12:36:30.455380193Z   File "/usr/local/lib/python3.7/site-packages/starlette/middleware/cors.py", line 86, in __call__
[34mweb_1     |[0m 2022-09-29T12:36:30.455383453Z     await self.simple_response(scope, receive, send, request_headers=headers)
[34mweb_1     |[0m 2022-09-29T12:36:30.455387424Z   File "/usr/local/lib/python3.7/site-packages/starlette/middleware/cors.py", line 142, in simple_response
[34mweb_1     |[0m 2022-09-29T12:36:30.455390649Z     await self.app(scope, receive, send)
[34mweb_1     |[0m 2022-09-29T12:36:30.455393774Z   File "/usr/local/lib/python3.7/site-packages/starlette/exceptions.py", line 82, in __call__
[34mweb_1     |[0m 2022-09-29T12:36:30.455397555Z     raise exc from None
[34mweb_1     |[0m 2022-09-29T12:36:30.455400736Z   File "/usr/local/lib/python3.7/site-packages/starlette/exceptions.py", line 71, in __call__
[34mweb_1     |[0m 2022-09-29T12:36:30.455403701Z     await self.app(scope, receive, sender)
[34mweb_1     |[0m 2022-09-29T12:36:30.455407346Z   File "/usr/local/lib/python3.7/site-packages/starlette/routing.py", line 566, in __call__
[34mweb_1     |[0m 2022-09-29T12:36:30.455410733Z     await route.handle(scope, receive, send)
[34mweb_1     |[0m 2022-09-29T12:36:30.455413637Z   File "/usr/local/lib/python3.7/site-packages/starlette/routing.py", line 227, in handle
[34mweb_1     |[0m 2022-09-29T12:36:30.455417149Z     await self.app(scope, receive, send)
[34mweb_1     |[0m 2022-09-29T12:36:30.455420078Z   File "/usr/local/lib/python3.7/site-packages/starlette/routing.py", line 41, in app
[34mweb_1     |[0m 2022-09-29T12:36:30.455423983Z     response = await func(request)
[34mweb_1     |[0m 2022-09-29T12:36:30.455426769Z   File "/usr/local/lib/python3.7/site-packages/fastapi/routing.py", line 202, in app
[34mweb_1     |[0m 2022-09-29T12:36:30.455431606Z     dependant=dependant, values=values, is_coroutine=is_coroutine
[34mweb_1     |[0m 2022-09-29T12:36:30.455434690Z   File "/usr/local/lib/python3.7/site-packages/fastapi/routing.py", line 150, in run_endpoint_function
[34mweb_1     |[0m 2022-09-29T12:36:30.455437951Z     return await run_in_threadpool(dependant.call, **values)
[34mweb_1     |[0m 2022-09-29T12:36:30.455441647Z   File "/usr/local/lib/python3.7/site-packages/starlette/concurrency.py", line 34, in run_in_threadpool
[34mweb_1     |[0m 2022-09-29T12:36:30.455444929Z     return await loop.run_in_executor(None, func, *args)
[34mweb_1     |[0m 2022-09-29T12:36:30.455448411Z   File "/usr/local/lib/python3.7/concurrent/futures/thread.py", line 57, in run
[34mweb_1     |[0m 2022-09-29T12:36:30.455451720Z     result = self.fn(*self.args, **self.kwargs)
[34mweb_1     |[0m 2022-09-29T12:36:30.455461353Z   File "./sapienta/api/__init__.py", line 166, in process
[34mweb_1     |[0m 2022-09-29T12:36:30.455465640Z     mc.put_object(os.environ.get("MINIO_BUCKET"), key, file.file, len(content), file.content_type)
[34mweb_1     |[0m 2022-09-29T12:36:30.455469251Z   File "/usr/local/lib/python3.7/site-packages/minio/api.py", line 1792, in put_object
[34mweb_1     |[0m 2022-09-29T12:36:30.455473083Z     raise exc
[34mweb_1     |[0m 2022-09-29T12:36:30.455477181Z   File "/usr/local/lib/python3.7/site-packages/minio/api.py", line 1747, in put_object
[34mweb_1     |[0m 2022-09-29T12:36:30.455481351Z     bucket_name, object_name, part_data, headers,
[34mweb_1     |[0m 2022-09-29T12:36:30.455484860Z   File "/usr/local/lib/python3.7/site-packages/minio/api.py", line 1610, in _put_object
[34mweb_1     |[0m 2022-09-29T12:36:30.455488299Z     query_params=query_params,
[34mweb_1     |[0m 2022-09-29T12:36:30.455491441Z   File "/usr/local/lib/python3.7/site-packages/minio/api.py", line 398, in _execute
[34mweb_1     |[0m 2022-09-29T12:36:30.455494676Z     region = self._get_region(bucket_name, None)
[34mweb_1     |[0m 2022-09-29T12:36:30.455497976Z   File "/usr/local/lib/python3.7/site-packages/minio/api.py", line 468, in _get_region
[34mweb_1     |[0m 2022-09-29T12:36:30.455501440Z     query_params={"location": ""},
[34mweb_1     |[0m 2022-09-29T12:36:30.455505649Z   File "/usr/local/lib/python3.7/site-packages/minio/api.py", line 385, in _url_open
[34mweb_1     |[0m 2022-09-29T12:36:30.455508988Z     raise response_error
[34mweb_1     |[0m 2022-09-29T12:36:30.455512964Z minio.error.S3Error: S3 operation failed; code: InvalidAccessKeyId, message: The Access Key Id you provided does not exist in our records., resource: /sapienta, request_id: 171954FEC291984E, host_id: 258c47be-215e-4ffb-aa75-0e511f50c814, bucket_name: sapienta
[34mweb_1     |[0m 2022-09-29T12:36:30.465505085Z INFO:     ('172.18.0.1', 40234) - "WebSocket /ws" [accepted]
[34mweb_1     |[0m 2022-09-29T12:59:24.460010176Z INFO:     172.18.0.1:39442 - "GET / HTTP/1.1" 200 OK
[34mweb_1     |[0m 2022-09-29T12:59:25.008521838Z INFO:     172.18.0.1:39442 - "GET /favicon.ico HTTP/1.1" 404 Not Found
[34mweb_1     |[0m 2022-09-29T12:59:26.998200003Z INFO:     172.18.0.1:39442 - "GET /ui HTTP/1.1" 200 OK
[34mweb_1     |[0m 2022-09-29T12:59:27.042707361Z INFO:     172.18.0.1:39442 - "GET /static/js/2.308f8ad7.chunk.js HTTP/1.1" 200 OK
[34mweb_1     |[0m 2022-09-29T12:59:27.119191471Z INFO:     ('172.18.0.1', 39446) - "WebSocket /ws" [accepted]
[34mweb_1     |[0m 2022-09-29T12:59:27.245282466Z INFO:     172.18.0.1:39450 - "GET /manifest.json HTTP/1.1" 404 Not Found
[34mweb_1     |[0m 2022-09-29T12:59:46.365137185Z INFO:     ('172.18.0.1', 50162) - "WebSocket /ws" [accepted]
[34mweb_1     |[0m 2022-09-29T12:59:48.190606845Z INFO:     ('172.18.0.1', 49350) - "WebSocket /ws" [accepted]
[33mgrobid_1  |[0m 2022-09-26T18:29:20.045034318Z INFO  [2022-09-26 18:29:20,044] com.hubspot.dropwizard.guicier.DropwizardModule: Registering org.grobid.service.resources.HealthResource as a root resource class
[33mgrobid_1  |[0m 2022-09-26T18:29:20.045110886Z INFO  [2022-09-26 18:29:20,044] com.hubspot.dropwizard.guicier.DropwizardModule: Registering org.grobid.service.GrobidRestService as a root resource class
[33mgrobid_1  |[0m 2022-09-26T18:29:20.046179250Z INFO  [2022-09-26 18:29:20,045] com.hubspot.dropwizard.guicier.DropwizardModule: Registering org.grobid.service.exceptions.mapper.GrobidServiceExceptionMapper as a provider class
[33mgrobid_1  |[0m 2022-09-26T18:29:20.046289568Z INFO  [2022-09-26 18:29:20,046] com.hubspot.dropwizard.guicier.DropwizardModule: Registering org.grobid.service.exceptions.mapper.GrobidExceptionsTranslationUtility as a provider class
[33mgrobid_1  |[0m 2022-09-26T18:29:20.046314451Z INFO  [2022-09-26 18:29:20,046] com.hubspot.dropwizard.guicier.DropwizardModule: Registering org.grobid.service.exceptions.mapper.GrobidExceptionMapper as a provider class
[33mgrobid_1  |[0m 2022-09-26T18:29:20.046479094Z INFO  [2022-09-26 18:29:20,046] com.hubspot.dropwizard.guicier.DropwizardModule: Registering org.grobid.service.exceptions.mapper.WebApplicationExceptionMapper as a provider class
[33mgrobid_1  |[0m 2022-09-26T18:29:20.076601758Z INFO  [2022-09-26 18:29:20,051] org.grobid.service.main.GrobidServiceApplication: Service config=GrobidServiceConfiguration{server=DefaultServerFactory{applicationConnectors=[io.dropwizard.jetty.HttpConnectorFactory@1e6b9a95], adminConnectors=[io.dropwizard.jetty.HttpConnectorFactory@1e8823d2], adminMaxThreads=64, adminMinThreads=1, applicationContextPath=/, adminContextPath=/}, logging=DefaultLoggingFactory{level=INFO, loggers={org.apache.pdfbox.pdmodel.font.PDSimpleFont="OFF"}, appenders=[io.dropwizard.logging.ConsoleAppenderFactory@7ce7e83c, io.dropwizard.logging.FileAppenderFactory@5017e1]}, metrics=MetricsFactory{frequency=1 minute, reporters=[]}}
[33mgrobid_1  |[0m 2022-09-26T18:29:20.089062967Z INFO  [2022-09-26 18:29:20,088] io.dropwizard.server.ServerFactory: Starting grobid-service
[33mgrobid_1  |[0m 2022-09-26T18:29:20.089088525Z 
[33mgrobid_1  |[0m 2022-09-26T18:29:20.089095905Z  _______  _______  _______  ______  _________ ______     _______  _______  _______          _________ _______  _______
[33mgrobid_1  |[0m 2022-09-26T18:29:20.089102327Z (  ____ \(  ____ )(  ___  )(  ___ \ \__   __/(  __  \   (  ____ \(  ____ \(  ____ )|\     /|\__   __/(  ____ \(  ____ \
[33mgrobid_1  |[0m 2022-09-26T18:29:20.089107019Z | (    \/| (    )|| (   ) || (   ) )   ) (   | (  \  )  | (    \/| (    \/| (    )|| )   ( |   ) (   | (    \/| (    \/
[33mgrobid_1  |[0m 2022-09-26T18:29:20.089111050Z | |      | (____)|| |   | || (__/ /    | |   | |   ) |  | (_____ | (__    | (____)|| |   | |   | |   | |      | (__
[33mgrobid_1  |[0m 2022-09-26T18:29:20.089114723Z | | ____ |     __)| |   | ||  __ (     | |   | |   | |  (_____  )|  __)   |     __)( (   ) )   | |   | |      |  __)
[33mgrobid_1  |[0m 2022-09-26T18:29:20.089118236Z | | \_  )| (\ (   | |   | || (  \ \    | |   | |   ) |        ) || (      | (\ (    \ \_/ /    | |   | |      | (
[33mgrobid_1  |[0m 2022-09-26T18:29:20.089122340Z | (___) || ) \ \__| (___) || )___) )___) (___| (__/  )  /\____) || (____/\| ) \ \__  \   /  ___) (___| (____/\| (____/\
[33mgrobid_1  |[0m 2022-09-26T18:29:20.089126548Z (_______)|/   \__/(_______)|/ \___/ \_______/(______/   \_______)(_______/|/   \__/   \_/   \_______/(_______/(_______/
[33mgrobid_1  |[0m 2022-09-26T18:29:20.089130606Z 
[33mgrobid_1  |[0m 2022-09-26T18:29:20.089133733Z 
[33mgrobid_1  |[0m 2022-09-26T18:29:20.274110522Z INFO  [2022-09-26 18:29:20,273] org.eclipse.jetty.setuid.SetUIDListener: Opened application@12e12ac9{HTTP/1.1,[http/1.1]}{0.0.0.0:8070}
[33mgrobid_1  |[0m 2022-09-26T18:29:20.274371643Z INFO  [2022-09-26 18:29:20,274] org.eclipse.jetty.setuid.SetUIDListener: Opened admin@5e230fc6{HTTP/1.1,[http/1.1]}{0.0.0.0:8071}
[33mgrobid_1  |[0m 2022-09-26T18:29:20.277181326Z INFO  [2022-09-26 18:29:20,276] org.eclipse.jetty.server.Server: jetty-9.4.18.v20190429; built: 2019-04-29T20:42:08.989Z; git: e1bc35120a6617ee3df052294e433f3a25ce7097; jvm 1.8.0_212-b04
[33mgrobid_1  |[0m 2022-09-26T18:29:20.790133910Z WARN  [2022-09-26 18:29:20,789] org.glassfish.jersey.internal.inject.Providers: A provider org.grobid.service.exceptions.mapper.GrobidExceptionsTranslationUtility registered in SERVER runtime does not implement any provider interfaces applicable in the SERVER runtime. Due to constraint configuration problems the provider org.grobid.service.exceptions.mapper.GrobidExceptionsTranslationUtility will be ignored. 
[33mgrobid_1  |[0m 2022-09-26T18:29:21.377825446Z INFO  [2022-09-26 18:29:21,377] io.dropwizard.jersey.DropwizardResourceConfig: The following paths were found for the configured resources:
[33mgrobid_1  |[0m 2022-09-26T18:29:21.377861331Z 
[33mgrobid_1  |[0m 2022-09-26T18:29:21.377869904Z     POST    /api/annotatePDF (org.grobid.service.GrobidRestService)
[33mgrobid_1  |[0m 2022-09-26T18:29:21.377876833Z     POST    /api/citationPatentAnnotations (org.grobid.service.GrobidRestService)
[33mgrobid_1  |[0m 2022-09-26T18:29:21.377883274Z     GET     /api/grobid (org.grobid.service.GrobidRestService)
[33mgrobid_1  |[0m 2022-09-26T18:29:21.377936418Z     GET     /api/health (org.grobid.service.resources.HealthResource)
[33mgrobid_1  |[0m 2022-09-26T18:29:21.377945571Z     GET     /api/isalive (org.grobid.service.GrobidRestService)
[33mgrobid_1  |[0m 2022-09-26T18:29:21.377952850Z     POST    /api/processAffiliations (org.grobid.service.GrobidRestService)
[33mgrobid_1  |[0m 2022-09-26T18:29:21.377959824Z     PUT     /api/processAffiliations (org.grobid.service.GrobidRestService)
[33mgrobid_1  |[0m 2022-09-26T18:29:21.377981306Z     POST    /api/processCitation (org.grobid.service.GrobidRestService)
[33mgrobid_1  |[0m 2022-09-26T18:29:21.377990188Z     PUT     /api/processCitation (org.grobid.service.GrobidRestService)
[33mgrobid_1  |[0m 2022-09-26T18:29:21.377996786Z     POST    /api/processCitationNames (org.grobid.service.GrobidRestService)
[33mgrobid_1  |[0m 2022-09-26T18:29:21.378003691Z     PUT     /api/processCitationNames (org.grobid.service.GrobidRestService)
[33mgrobid_1  |[0m 2022-09-26T18:29:21.378010674Z     POST    /api/processCitationPatentPDF (org.grobid.service.GrobidRestService)
[33mgrobid_1  |[0m 2022-09-26T18:29:21.378017657Z     POST    /api/processCitationPatentST36 (org.grobid.service.GrobidRestService)
[33mgrobid_1  |[0m 2022-09-26T18:29:21.378024603Z     POST    /api/processCitationPatentTXT (org.grobid.service.GrobidRestService)
[33mgrobid_1  |[0m 2022-09-26T18:29:21.378031216Z     POST    /api/processDate (org.grobid.service.GrobidRestService)
[33mgrobid_1  |[0m 2022-09-26T18:29:21.378037068Z     PUT     /api/processDate (org.grobid.service.GrobidRestService)
[33mgrobid_1  |[0m 2022-09-26T18:29:21.378042875Z     POST    /api/processFulltextAssetDocument (org.grobid.service.GrobidRestService)
[33mgrobid_1  |[0m 2022-09-26T18:29:21.378064462Z     PUT     /api/processFulltextAssetDocument (org.grobid.service.GrobidRestService)
[33mgrobid_1  |[0m 2022-09-26T18:29:21.378071868Z     POST    /api/processFulltextDocument (org.grobid.service.GrobidRestService)
[33mgrobid_1  |[0m 2022-09-26T18:29:21.378078434Z     PUT     /api/processFulltextDocument (org.grobid.service.GrobidRestService)
[33mgrobid_1  |[0m 2022-09-26T18:29:21.378085179Z     POST    /api/processHeaderDocument (org.grobid.service.GrobidRestService)
[33mgrobid_1  |[0m 2022-09-26T18:29:21.378091480Z     PUT     /api/processHeaderDocument (org.grobid.service.GrobidRestService)
[33mgrobid_1  |[0m 2022-09-26T18:29:21.378098425Z     POST    /api/processHeaderNames (org.grobid.service.GrobidRestService)
[33mgrobid_1  |[0m 2022-09-26T18:29:21.378104438Z     PUT     /api/processHeaderNames (org.grobid.service.GrobidRestService)
[33mgrobid_1  |[0m 2022-09-26T18:29:21.378111083Z     POST    /api/processReferences (org.grobid.service.GrobidRestService)
[33mgrobid_1  |[0m 2022-09-26T18:29:21.378119235Z     PUT     /api/processReferences (org.grobid.service.GrobidRestService)
[33mgrobid_1  |[0m 2022-09-26T18:29:21.378141537Z     POST    /api/referenceAnnotations (org.grobid.service.GrobidRestService)
[33mgrobid_1  |[0m 2022-09-26T18:29:21.378150681Z     GET     /api/version (org.grobid.service.GrobidRestService)
[33mgrobid_1  |[0m 2022-09-26T18:29:21.378157943Z 
[33mgrobid_1  |[0m 2022-09-26T18:29:21.382502922Z INFO  [2022-09-26 18:29:21,379] org.eclipse.jetty.server.handler.ContextHandler: Started i.d.j.MutableServletContextHandler@795b66d{/,null,AVAILABLE}
[33mgrobid_1  |[0m 2022-09-26T18:29:21.393767721Z INFO  [2022-09-26 18:29:21,393] io.dropwizard.setup.AdminEnvironment: tasks = 
[33mgrobid_1  |[0m 2022-09-26T18:29:21.393829308Z 
[33mgrobid_1  |[0m 2022-09-26T18:29:21.393846537Z     POST    /tasks/log-level (io.dropwizard.servlets.tasks.LogConfigurationTask)
[33mgrobid_1  |[0m 2022-09-26T18:29:21.393853579Z     POST    /tasks/gc (io.dropwizard.servlets.tasks.GarbageCollectionTask)
[33mgrobid_1  |[0m 2022-09-26T18:29:21.393859915Z 
[33mgrobid_1  |[0m 2022-09-26T18:29:21.408809277Z INFO  [2022-09-26 18:29:21,408] org.eclipse.jetty.server.handler.ContextHandler: Started i.d.j.MutableServletContextHandler@569348e1{/,null,AVAILABLE}
[33mgrobid_1  |[0m 2022-09-26T18:29:21.433643149Z INFO  [2022-09-26 18:29:21,432] org.eclipse.jetty.server.AbstractConnector: Started application@12e12ac9{HTTP/1.1,[http/1.1]}{0.0.0.0:8070}
[33mgrobid_1  |[0m 2022-09-26T18:29:21.438133716Z INFO  [2022-09-26 18:29:21,437] org.eclipse.jetty.server.AbstractConnector: Started admin@5e230fc6{HTTP/1.1,[http/1.1]}{0.0.0.0:8071}
[33mgrobid_1  |[0m 2022-09-26T18:29:21.439748535Z INFO  [2022-09-26 18:29:21,439] org.eclipse.jetty.server.Server: Started @6931ms
[33mgrobid_1  |[0m 2022-09-26T18:35:25.229428960Z 172.18.0.1 - - [26/Sep/2022:18:35:25 +0000] "GET / HTTP/1.1" 200 13323 "-" "Mozilla/5.0 (X11; Linux x86_64) AppleWebKit/537.36 (KHTML, like Gecko) Chrome/105.0.0.0 Safari/537.36" 46
[33mgrobid_1  |[0m 2022-09-26T18:35:25.314247932Z 172.18.0.1 - - [26/Sep/2022:18:35:25 +0000] "GET /resources/bootstrap/js/bootstrap.min.js HTTP/1.1" 200 41085 "http://0.0.0.0:8070/" "Mozilla/5.0 (X11; Linux x86_64) AppleWebKit/537.36 (KHTML, like Gecko) Chrome/105.0.0.0 Safari/537.36" 28
[33mgrobid_1  |[0m 2022-09-26T18:35:25.314345058Z 172.18.0.1 - - [26/Sep/2022:18:35:25 +0000] "GET /resources/js/vkbeautify.js HTTP/1.1" 200 10111 "http://0.0.0.0:8070/" "Mozilla/5.0 (X11; Linux x86_64) AppleWebKit/537.36 (KHTML, like Gecko) Chrome/105.0.0.0 Safari/537.36" 10
[33mgrobid_1  |[0m 2022-09-26T18:35:25.324636146Z 172.18.0.1 - - [26/Sep/2022:18:35:25 +0000] "GET /resources/js/jquery.form.js HTTP/1.1" 200 39145 "http://0.0.0.0:8070/" "Mozilla/5.0 (X11; Linux x86_64) AppleWebKit/537.36 (KHTML, like Gecko) Chrome/105.0.0.0 Safari/537.36" 43
[33mgrobid_1  |[0m 2022-09-26T18:35:25.326504578Z 172.18.0.1 - - [26/Sep/2022:18:35:25 +0000] "GET /resources/js/jquery-3.4.1.min.js HTTP/1.1" 200 88145 "http://0.0.0.0:8070/" "Mozilla/5.0 (X11; Linux x86_64) AppleWebKit/537.36 (KHTML, like Gecko) Chrome/105.0.0.0 Safari/537.36" 49
[33mgrobid_1  |[0m 2022-09-26T18:35:25.347841709Z 172.18.0.1 - - [26/Sep/2022:18:35:25 +0000] "GET /resources/bootstrap/js/prettify.js HTTP/1.1" 200 13632 "http://0.0.0.0:8070/" "Mozilla/5.0 (X11; Linux x86_64) AppleWebKit/537.36 (KHTML, like Gecko) Chrome/105.0.0.0 Safari/537.36" 35
[33mgrobid_1  |[0m 2022-09-26T18:35:25.355307150Z 172.18.0.1 - - [26/Sep/2022:18:35:25 +0000] "GET /resources/css/style.css HTTP/1.1" 200 3777 "http://0.0.0.0:8070/" "Mozilla/5.0 (X11; Linux x86_64) AppleWebKit/537.36 (KHTML, like Gecko) Chrome/105.0.0.0 Safari/537.36" 10
[33mgrobid_1  |[0m 2022-09-26T18:35:25.357332088Z 172.18.0.1 - - [26/Sep/2022:18:35:25 +0000] "GET /resources/font-awesome/css/font-awesome.min.css HTTP/1.1" 200 19431 "http://0.0.0.0:8070/" "Mozilla/5.0 (X11; Linux x86_64) AppleWebKit/537.36 (KHTML, like Gecko) Chrome/105.0.0.0 Safari/537.36" 28
[33mgrobid_1  |[0m 2022-09-26T18:35:25.361745080Z 172.18.0.1 - - [26/Sep/2022:18:35:25 +0000] "GET /resources/bootstrap/css/prettify.css HTTP/1.1" 200 818 "http://0.0.0.0:8070/" "Mozilla/5.0 (X11; Linux x86_64) AppleWebKit/537.36 (KHTML, like Gecko) Chrome/105.0.0.0 Safari/537.36" 22
[33mgrobid_1  |[0m 2022-09-26T18:35:25.373577868Z 172.18.0.1 - - [26/Sep/2022:18:35:25 +0000] "GET /resources/pdf.js/web/text_layer_builder.css HTTP/1.1" 200 1776 "http://0.0.0.0:8070/" "Mozilla/5.0 (X11; Linux x86_64) AppleWebKit/537.36 (KHTML, like Gecko) Chrome/105.0.0.0 Safari/537.36" 23
[33mgrobid_1  |[0m 2022-09-26T18:35:25.374637150Z 172.18.0.1 - - [26/Sep/2022:18:35:25 +0000] "GET /resources/pdf.js/web/annotation_layer_builder.css HTTP/1.1" 200 1818 "http://0.0.0.0:8070/" "Mozilla/5.0 (X11; Linux x86_64) AppleWebKit/537.36 (KHTML, like Gecko) Chrome/105.0.0.0 Safari/537.36" 7
[33mgrobid_1  |[0m 2022-09-26T18:35:25.382075705Z 172.18.0.1 - - [26/Sep/2022:18:35:25 +0000] "GET /resources/pdf.js/web/text_layer_builder.js HTTP/1.1" 200 11582 "http://0.0.0.0:8070/" "Mozilla/5.0 (X11; Linux x86_64) AppleWebKit/537.36 (KHTML, like Gecko) Chrome/105.0.0.0 Safari/537.36" 10
[33mgrobid_1  |[0m 2022-09-26T18:35:25.383949909Z 172.18.0.1 - - [26/Sep/2022:18:35:25 +0000] "GET /resources/bootstrap/css/bootstrap.min.css HTTP/1.1" 200 127128 "http://0.0.0.0:8070/" "Mozilla/5.0 (X11; Linux x86_64) AppleWebKit/537.36 (KHTML, like Gecko) Chrome/105.0.0.0 Safari/537.36" 53
[33mgrobid_1  |[0m 2022-09-26T18:35:25.385361733Z 172.18.0.1 - - [26/Sep/2022:18:35:25 +0000] "GET /resources/pdf.js/web/annotation_layer_builder.js HTTP/1.1" 200 3386 "http://0.0.0.0:8070/" "Mozilla/5.0 (X11; Linux x86_64) AppleWebKit/537.36 (KHTML, like Gecko) Chrome/105.0.0.0 Safari/537.36" 9
[33mgrobid_1  |[0m 2022-09-26T18:35:25.386141497Z 172.18.0.1 - - [26/Sep/2022:18:35:25 +0000] "GET /resources/pdf.js/web/pdf_link_service.js HTTP/1.1" 200 9575 "http://0.0.0.0:8070/" "Mozilla/5.0 (X11; Linux x86_64) AppleWebKit/537.36 (KHTML, like Gecko) Chrome/105.0.0.0 Safari/537.36" 4
[33mgrobid_1  |[0m 2022-09-26T18:35:25.406708416Z 172.18.0.1 - - [26/Sep/2022:18:35:25 +0000] "GET /grobid/grobid.js HTTP/1.1" 200 46711 "http://0.0.0.0:8070/" "Mozilla/5.0 (X11; Linux x86_64) AppleWebKit/537.36 (KHTML, like Gecko) Chrome/105.0.0.0 Safari/537.36" 12
[33mgrobid_1  |[0m 2022-09-26T18:35:25.445017902Z 172.18.0.1 - - [26/Sep/2022:18:35:25 +0000] "GET /resources/pdf.js/build_/pdf.js HTTP/1.1" 200 333388 "http://0.0.0.0:8070/" "Mozilla/5.0 (X11; Linux x86_64) AppleWebKit/537.36 (KHTML, like Gecko) Chrome/105.0.0.0 Safari/537.36" 51
[33mgrobid_1  |[0m 2022-09-26T18:35:25.951526212Z 172.18.0.1 - - [26/Sep/2022:18:35:25 +0000] "GET /resources/img/favicon.ico HTTP/1.1" 200 1406 "http://0.0.0.0:8070/" "Mozilla/5.0 (X11; Linux x86_64) AppleWebKit/537.36 (KHTML, like Gecko) Chrome/105.0.0.0 Safari/537.36" 4
[33mgrobid_1  |[0m 2022-09-26T18:35:52.877085303Z 172.18.0.1 - - [26/Sep/2022:18:35:52 +0000] "GET /resources/font-awesome/font/fontawesome-webfont.woff?v=3.1.0 HTTP/1.1" 200 34420 "http://0.0.0.0:8070/resources/font-awesome/css/font-awesome.min.css" "Mozilla/5.0 (X11; Linux x86_64) AppleWebKit/537.36 (KHTML, like Gecko) Chrome/105.0.0.0 Safari/537.36" 3
[33mgrobid_1  |[0m 2022-09-26T18:35:54.578918532Z 172.18.0.1 - - [26/Sep/2022:18:35:54 +0000] "GET /resources/pdf.js/build_/pdf.worker.js HTTP/1.1" 200 1337459 "http://0.0.0.0:8070/" "Mozilla/5.0 (X11; Linux x86_64) AppleWebKit/537.36 (KHTML, like Gecko) Chrome/105.0.0.0 Safari/537.36" 89
[33mgrobid_1  |[0m 2022-09-26T18:35:54.646159735Z INFO  [2022-09-26 18:35:54,645] org.grobid.core.jni.WapitiModel: Loading model: /opt/grobid/grobid-home/models/affiliation-address/model.wapiti (size: 2699936)
[33mgrobid_1  |[0m 2022-09-26T18:35:54.647275540Z [Wapiti] Loading model: "/opt/grobid/grobid-home/models/affiliation-address/model.wapiti"
[33mgrobid_1  |[0m 2022-09-26T18:35:55.037564633Z Model path: /opt/grobid/grobid-home/models/affiliation-address/model.wapiti
[33mgrobid_1  |[0m 2022-09-26T18:35:55.040327509Z [Wapiti] Loading model: "/opt/grobid/grobid-home/models/name/header/model.wapiti"
[33mgrobid_1  |[0m 2022-09-26T18:35:55.040408845Z INFO  [2022-09-26 18:35:55,040] org.grobid.core.jni.WapitiModel: Loading model: /opt/grobid/grobid-home/models/name/header/model.wapiti (size: 2486611)
[33mgrobid_1  |[0m 2022-09-26T18:35:55.443074456Z Model path: /opt/grobid/grobid-home/models/name/header/model.wapiti
[33mgrobid_1  |[0m 2022-09-26T18:35:55.443286160Z [Wapiti] Loading model: "/opt/grobid/grobid-home/models/name/citation/model.wapiti"
[33mgrobid_1  |[0m 2022-09-26T18:35:55.443404103Z INFO  [2022-09-26 18:35:55,443] org.grobid.core.jni.WapitiModel: Loading model: /opt/grobid/grobid-home/models/name/citation/model.wapiti (size: 440148)
